2950 4709
704 250 867 342 cap.
902 251 1016 318 ΠΙ.
1050 249 1499 321 Duh.111.·De
1529 253 2002 322 Gonu-actibus.
2281 226 2287 236 ς
2358 281 2470 348 99.

278 393 317 432 n
375 365 705 439 retinere.
745 363 934 438 Vide
963 363 1157 438 auth.
1181 365 1293 437 cit.
1325 366 1360 401 ¹*
1392 363 1640 456 (Idem
1668 365 1915 438 dli-itur
1945 366 2034 439 de
2061 364 2444 441 donatione

277 492 318 533 υ
376 463 683 535 omnium
718 463 1075 534 bonorum.
1107 464 1319 536 Salm.
1351 466 1587 560 can-4
1626 491 1703 535 n.
1739 489 1790 563 9
1861 523 1881 550 ,
1918 469 2016 563 98
2046 480 2119 535 et
2139 491 2258 563 99.
2286 467 2366 565 )“

348 594 415 631 ,n
482 586 592 635 ro.
646 562 718 634 Si
758 560 1136 637 donationi
1181 587 1272 660 ap
1328 577 1597 635 onatur
1655 488 1961 647 modus,
2017 563 2275 651 tacite,
2325 562 2439 639 vel
2462 581 2566 658 7325

280 692 315 730 ο
377 660 730 759 expresse,
756 687 903 733 non
929 659 1232 759 quidem
1248 589 1671 759 ozligandm
1693 687 1841 761 quo
1860 687 2023 760 spes
2044 662 2282 749 detur,
2298 678 2441 737 etc.

281 787 322 831 n
377 758 661 857 aliquid
699 758 1010 832 alterum
1046 759 1461 848 facturum3
1510 760 1625 833 vel
1670 760 1915 833 animo
1950 785 2116 834 eum
2163 761 2257 834 ad
2302 763 2446 835 hoc

278 890 320 929 a
372 856 835 943 inflectendi,
864 856 1055 931 valet
1089 857 1387 929 donatio
1418 912 1436 943 ,
1473 858 1607 931 etsi
1645 860 1814 932 finis
1846 884 1998 931 non
2032 873 2385 958 sequatur
2421 890 2440 930 ε

281 987 322 1026 υ
372 984 444 1029 v.
480 982 586 1053 gr.
620 956 746 1029 dat
773 956 1039 1055 aliquis
1071 956 1336 1055 puellae
1371 956 1465 1029 ad
1496 962 1652 1053 ejus
1685 982 2129 1030 consensum
2155 957 2452 1032 elicien-

274 1086 322 1125 ,ω
378 1055 605 1129 dum:
644 1055 707 1127 si
735 1060 984 1156 postea
1020 1080 1169 1127 non
1203 1056 1649 1157 consentiat,
1690 1082 1843 1128 non
1873 1070 2161 1129 tenetur
2194 1054 2453 1132 datum

284 1185 323 1223 υ
377 1153 689 1229 reddere
729 1183 746 1224 ε
788 1179 963 1225 nam
988 1208 1007 1239 ,
1056 1154 1191 1225 etsi
1229 1179 1383 1228 non
1417 1151 1783 1253 dedisset„
1826 1155 1885 1227 si
1924 1154 2249 1227 scivisset
2290 1180 2454 1231 eam

282 1283 317 1319 ο
375 1252 519 1327 sihi
564 1278 717 1326 non
762 1277 1324 1337 consensuram,
1380 1265 1624 1325 tamen
1672 1251 1877 1324 dedit
1927 1251 2262 1327 absolute
2296 1253 2456 1329 siue

281 1381 316 1419 ο
377 1351 826 1449 obligatione
858 1351 1032 1440 alia,
1077 1364 1158 1423 ut
1182 1353 1648 1451 supponitur.
1688 1350 1910 1424 Sociis
1945 1366 2132 1424 esset
2154 1408 2171 1437 ,
2200 1354 2261 1424 si
2289 1350 2456 1428 vere

281 1477 325 1520 n
378 1448 817 1522 intendisset
882 1474 1044 1521 eam
1112 1448 1471 1546 obligare,
1512 1463 1583 1550 et
1648 1450 1787 1523 sub
1826 1450 1966 1523 hac
2032 1450 2457 1526 conditione

279 1579 327 1619 ⁴»
385 1547 742 1622 dedisset.
777 1548 984 1619 Less.
1014 1572 1078 1622 c.
1125 1552 1210 1624 18
1244 1548 1315 1619 d.
1355 1548 1441 1623 16
1464 1564 1537 1619 et
1567 1573 1672 1647 17.
1727 1581 1765 1617 u

374 1650 483 1720 Ita
512 1647 721 1717 Less.
752 1649 970 1719 etiam
1003 1648 1053 1720 l.
1094 1672 1135 1718 2
1179 1671 1241 1719 c.
1293 1648 1378 1719 18
1405 1673 1474 1716 n.
1524 1649 1684 1741 124.
1714 1649 1785 1719 bt
1828 1644 2049 1719 Salm.
2080 1646 2166 1719 de
2204 1648 2457 1722 Restt'l.

280 1772 343 1820 c.
393 1773 417 1819 ι
455 1770 530 1816 n.
572 1744 701 1818 165
727 1771 882 1818 cum
910 1744 1089 1815 Mol.
1127 1744 1400 1818 Dicast.
1430 1743 1627 1842 Lago
1649 1746 1839 1843 Tap.
1874 1762 2006 1819 etc.
2039 1745 2232 1820 Vide
2261 1747 2460 1821 dicta

276 1871 354 1941 p.
401 1843 537 1944 193
594 1870 654 1916 ν.
689 1842 915 1943 Quoer.
965 1841 1070 1914 ΙΙ.
1108 1842 1306 1916 Bene
1346 1856 1591 1915 autem
1644 1843 1769 1916 hic
1812 1844 2205 1917 advertunt
2235 1846 2455 1919 Salm.

285 1942 442 2015 ibid.
481 1941 694 2043 quod
738 1940 990 2041 puella
1022 1943 1390 2042 accipiens
1430 1942 1713 2014 donum
1752 1956 1917 2040 post
1949 1941 2284 2016 illicitam
2328 1969 2464 2042 pe-

286 2039 651 2131 titionem.
676 2036 1069 2113 difficulter
1103 2039 1519 2113 excusanda
1547 2039 1641 2112 sit
1673 2044 1710 2112 ὲ
1745 2053 2049 2139 peccato
2074 2042 2407 2114 scandali
2441 2098 2461 2133 ,

280 2165 368 2213 ex
393 2138 469 2214 S.
510 2133 770 2213 Thom.
801 2137 1028 2212 Addit
1061 2137 1207 2211 ibid
1232 2138 1519 2210 Les-sius
1549 2163 1721 2211 cum
1753 2139 1933 2209 Mol.
1977 2138 2182 2236 quod
2203 2195 2219 2222 ‚
2261 2140 2320 2211 si
2360 2140 2467 2211 le-

289 2254 537 2339 gatum
599 2238 695 2310 sit
744 2238 1083 2311 relictum
1133 2236 1437 2336 puellas,
1485 2249 1569 2307 ut
1618 2235 1884 2323 nubat,
1932 2236 2161 2335 possit
2199 2236 2290 2311 ab
2323 2236 2466 2310 illa

283 2336 639 2421 retineri,
676 2337 962 2409 etiamsi
994 2351 1285 2407 maneat
1322 2333 1636 2421 caelebs;
1677 2349 1779 2420 et,
1808 2337 1866 2409 si
1908 2336 2266 2411 moriatur
2294 2333 2463 2411 anie

286 2438 617 2536 Παρείας,
657 2433 977 2534 legatum
1001 2448 1317 2507 transeat
1352 2432 1442 2506 ad
1474 2429 1805 2508 haeredes
1838 2432 2127 2534 puellae.
2148 2434 2467 2527 Quando

288 2551 532 2607 autem
574 2534 860 2606 donans
901 2531 1217 2605 intendit
1264 2531 1355 2605 ad
1386 2530 1710 2632 aliquem
1742 2534 1965 2606 finem
2000 2531 2361 2633 obligare,
2401 2536 2464 2607 si

264 2634 453 2707 »finis
486 2647 604 2705 est
630 2631 1058 2731 principalis
1081 2686 1098 2715 ,
1141 2630 1361 2703 debet
1394 2627 1812 2705 donatarius
1833 2630 2056 2720 illum
2093 2649 2460 2726 praestare,

288 2733 428 2805 nisi
473 2731 573 2805 ab
611 2730 753 2803 alio
782 2729 1247 2831 impediatur.
1283 2730 1356 2801 si
1389 2727 1559 2801 vero
1602 2732 1769 2803 finis
1797 2731 1895 2803 sit
1935 2729 2410 2804 secundarius
2440 2787 2464 2819 ,

291 2844 470 2904 tunc
512 2830 818 2902 donatio
847 2854 998 2901 non
1036 2842 1147 2901 est
1173 2827 1376 2900 irrita
1403 2883 1422 2917 ‚
1466 2827 1598 2900 sed
1652 2842 1886 2928 potest
1923 2832 1962 2899 ὲ
2000 2828 2322 2901 donante
2355 2831 2466 2903 ir-

282 2930 524 3003 ritari.
554 2930 668 3001 Ita
705 2928 915 2998 Less.
955 2953 1027 2998 n.
1074 2924 1209 2999 126
1231 2951 1387 2997 cum
1417 2927 1693 3001 Media.
1738 2927 1899 2999 Iino
1934 2925 2175 3012 addit,
2210 2929 2413 3026 quod
2441 2987 2462 3019 ,

294 3030 357 3100 si
411 3028 638 3101 detur
676 3025 962 3125 aliquid
995 3026 1437 3101 Monasterio
1497 3025 1637 3097 sub
1689 3025 1939 3126 aliquo
1987 3052 2251 3117 onere,
2313 3049 2468 3100 non

297 3128 529 3225 possit
569 3126 842 3224 repeti,
875 3127 935 3198 si
961 3148 1146 3197 onus
1176 3145 1327 3195 non
1358 3122 1757 3222 impleatur
1780 3179 1798 3211 ,
1828 3124 1958 3197 sed
1985 3123 2274 3198 tantum
2305 3125 2467 3226 cogi

303 3224 837 3301 Monasterium
871 3221 965 3294 ad
998 3220 1466 3322 implendum
1494 3276 1513 3307 ,
1550 3224 1610 3295 si
1643 3223 1893 3322 possit.

292 3371 302 3382 ι
391 3324 775 3417 Quaeritur
804 3320 1058 3394 utrum
1096 3323 1534 3421 promittens
1571 3320 1875 3420 prodige
1911 3319 2009 3391 ali
2070 3319 2197 3393 uid
2233 3323 2466 3396 foemi-
2484 3364 2582 3434 735

300 3423 550 3497 nae-ob
586 3418 1333 3520 copulam‚teueatur
1367 3418 1630 3515 idpost
1649 3418 1996 3520 copulam
2074 3419 2240 3492 are?
2268 3420 2472 3496 Affir-
2534 3432 2542 3442 '

300 3537 509 3594 mant
533 3521 735 3618 Lago
763 3576 780 3607 ‚
809 3521 883 3590 F
880 3517 973 3592 ill.
1000 3515 1259 3594 Sanclz.
1284 3546 1402 3617 ap.
1433 3515 1650 3590 Salm.
1674 3519 1762 3589 de
1791 3518 1992 3592 Rest.
2021 3546 2085 3592 c.
2125 3545 2149 3590 ι
2189 3535 2267 3595 η’.
2309 3519 2469 3595 166.

299 3620 533 3712 Quia,
579 3617 816 3718 posita
853 3617 1374 3717 promissione,
1405 3615 1606 3687 datio
1638 3630 1817 3687 tunc
1855 3629 1963 3686 est
1997 3615 2239 3690 debita
2262 3676 2281 3705 ‚
2315 3645 2468 3694 non
2553 3658 2576 3680 ·

305 3717 644 3816 prodiga.
711 3714 1002 3814 Negant
1063 3729 1310 3787 autem
1378 3711 1838 3814 probabilius
1899 3713 2109 3786 Solus
2135 3773 2155 3806 ‚
2221 3717 2464 3789 Bana.

309 3817 378 3886 T
366 3817 516 3888 rull.
562 3830 694 3888 etc.
721 3837 877 3906 cum
903 3814 1120 3886 Salm.
1155 3838 1226 3885 n.
1265 3812 1391 3910 167
1423 3813 1558 3884 etsi
1591 3811 1902 3885 adfuerit
1929 3816 2425 3910 juramentum
2448 3873 2469 3903 ,

309 3916 478 4014 quia
533 3912 923 4007 promissio
963 3937 1114 3984 non
1148 3908 1348 3982 tollit
1394 3911 1709 3981 dationis
1764 3911 2085 4011 prodigae
2127 3912 2472 3987 illiceita-

308 4025 492 4101 tem;
531 4010 708 4084 ideo
770 4036 885 4084 res
949 4011 1303 4108 promissa
1366 4007 1785 4081 reducenda
1825 4024 1934 4083 est
2004 4011 2097 4083 ad
2157 4011 2471 4109 aequali-

315 4122 533 4187 tatem
559 4169 582 4203 ,
620 4114 823 4212 juxta
860 4132 1333 4185 communem
1369 4107 1967 4213 aestimationem.
2007 4124 2082 4184 et
2116 4110 2180 4184 si
2218 4134 2330 4186 res
2362 4123 2472 4186 est
