2950 4709
534 269 694 365 cap.
727 271 841 339 ΠΙ.
871 271 1048 339 nuh.
1082 271 1261 341 VIII.
1296 271 1396 340 De
1425 270 1896 341 contractibus.
2214 273 2333 339 125

87 379 92 386 ’
203 383 425 469 ribos,
466 385 595 485 qui
696 409 775 456 er
830 379 1010 456 alios
1070 381 1537 482 negotiantur
1566 440 1584 468 ,
1614 384 1960 488 dantibus
1985 382 2161 479 ipsis
2204 410 2338 482 pe-

207 482 487 556 cuniam
532 539 552 573 ,
604 412 760 555 aliis
833 482 1273 583 ponentibus
1346 480 1839 570 industriam3
1895 483 2034 556 nisi
2082 507 2338 555 eorum

151 655 164 682 Ι
205 579 870 681 superintendentia
908 587 1095 655 esset
1128 595 1321 653 tanta
1347 636 1367 670 ,
1395 594 1480 652 'ut
1509 581 2189 680 ipsimetpnegotiari
2225 583 2338 652 vi·-

206 679 590 770 derentur3
637 680 735 751 ita
785 677 1004 753 Salm.
1037 678 1125 750 de
1168 678 1409 750 Gontr.
1447 705 1506 751 c.
1551 703 1593 750 2
1638 705 1712 754 n.
1753 679 2005 755 {sa-Lu
2053 707 2094 749 o
2125 676 2337 770 Disp-

209 776 297 849 26
327 804 402 848 n.
441 776 539 850 36
566 776 793 874 infin.
836 801 992 850 cum
1040 776 1412 875 Laymonn
1466 792 1542 848 et
1569 778 1792 851 Castr.
1829 802 1968 876 opu
2045 775 2260 849 Croix
2285 777 2339 847 l.

213 874 252 948 3
273 899 343 972 p.
403 901 445 948 2
496 901 568 947 n.
622 900 823 974 ¹⁰⁰9·
856 875 1022 949 -Sed
1058 873 1277 948 hodie
1306 875 1725 1043 oppositum
1753 871 2053 948 omniuo
2077 888 2342 946 tenen-—

212 971 377 1046 dum
421 999 508 1047 ex
558 973 774 1047 Bulla
814 970 1190 1046 Benedicti
1243 971 1352 1044 XI
1430 1027 1446 1045 .
1500 974 1956 1069 Apostolicoe,
2006 971 2200 1046 edita
2250 971 2340 1045 25

206 1069 407 1144 Febr.
442 1091 615 1144 ann.
661 1073 833 1170 ¹74¹
869 1071 997 1144 ubi
1026 1084 1377 1143 statutum
1396 1082 1543 1142 est:
1579 1097 1828 1170 poenas
1856 1069 2170 1143 inflictas
2205 1073 2344 1141 ad-

212 1193 443 1241 versus
501 1168 830 1243 Clericus
873 1168 1165 1243 illicitos
1222 1168 1745 1265 negotiatores,
1786 1169 2076 1242 extendi
2124 1170 2344 1241 etiam

213 1269 305 1340 ad
343 1268 645 1339 Clen'cos
697 1266 955 1342 illicite
1001 1266 1256 1354 (verba
1292 1265 1567 1363 Bullae)
1603 1268 1733 1339 sub
1771 1267 1997 1340 alieno
2023 1265 2190 1338 [οἱοὶ
2212 1290 2348 1337 ηο-

217 1365 394 1436 mine
415 1364 933 1464 quomodolibet
954 1365 1388 1463 negotiantes
1409 1422 1426 1449 ,
1448 1363 1742 1460 perinde?
1772 1393 1859 1460 αιζ
1873 1391 2005 1460 per
2034 1363 2308 1460 setjosos
2322 1423 2345 1452 ,

214 1486 292 1533 ac
309 1464 584 1559 proprio
618 1487 852 1535 eorum
879 1464 1156 1534 nomine
1179 1461 1454 1559 negotia
1482 1463 1635 1558 ipsa
1661 1461 1893 1538 illicita
1918 1482 2341 1557 exercerent.

203 1560 420 1652 ‘Quod
457 1560 902 1660 intelligitur
930 1564 1053 1657 (ut
1081 1560 1235 1659 ipse
1264 1560 1706 1635 Benedictus
1734 1561 2004 1635 clarius
2037 1560 2351 1659 explica-

215 1659 306 1731 vit
332 1660 415 1731 de
439 1659 726 1759 Synodo
778 1676 826 1734 t.
870 1686 913 1732 2
945 1660 990 1729 l.
1048 1684 1099 1758 9
1143 1684 1206 1731 c.
1238 1659 1290 1732 6
1315 1686 1385 1729 n.
1417 1661 1463 1754 4
1495 1676 1565 1732 et
1588 1661 1677 1756 5)
1713 1661 1803 1732 de
1843 1660 2182 1744 clericis,
2217 1660 2347 1759 qui

217 1782 336 1855 per
365 1756 595 1831 laicos
632 1759 1142 1855 negotiantur,
1180 1755 1471 1830 lucrum
1505 1784 1643 1857 pro
1674 1760 1927 1858 seipsis
1965 1784 2349 1858 acquiren—
2446 1789 2453 1794 ·

221 1853 327 1927 do.
364 1855 591 1948 Quod
620 1869 816 1969 patet
839 1858 941 1927 sic
969 1879 1123 1969 esse
1147 1854 1705 1969 intelligendum
1738 1859 1953 1929 etiam
1980 1882 2067 1929 ex
2093 1857 2350 1928 eadem

217 1951 414 2025 Bulla
442 2010 461 2040 ,
504 1952 639 2027 ubl
682 1953 1014 2026 Pontifex
1047 1952 1465 2026 immediate
1489 1970 1670 2067 ,post
1701 1956 1920 2045 relata
1957 1953 2179 2026 verba
2202 1956 2352 2026 de-

220 2048 431 2124 clarat
457 2109 475 2142 ,
516 2050 729 2153 quod
760 2052 956 2124 bona
1017 2052 1121 2124 sic
1158 2055 1198 2123 a
1241 2051 1542 2125 Clericis
1600 2053 1839 2124 alieno
1875 2055 2174 2125 nomine
2210 2052 2352 2124 sibi

220 2173 293 2220 ac
347 2152 561 2225 uisita
607 2150 700 2222 ad
736 2149 955 2248 spolii
1010 2172 1306 2248 poenam
1337 2147 1847 2246 subjiciantur.
1880 2154 2235 2223 Praeterea
2265 2175 2356 2238 ex
2404 2205 2413 2210 -

218 2245 315 2319 Bu
350 2248 414 2321 la
468 2250 865 2348 Regnantis
909 2248 1308 2321 Clementis
1343 2248 1535 2320 XIII.
1576 2249 1749 2319 Cum
1790 2247 2091 2347 pn'mum
2122 2303 2140 2332 ‚
2189 2246 2356 2321 data

224 2370 305 2443 27
342 2347 541 2447 Sept.
606 2374 776 2420 ann.
850 2347 1030 2445 1759
1063 2347 1540 2419 confirmatur
1568 2344 1782 2418 Bulla
1820 2346 2199 2420 Benedicti
2224 2402 2241 2433 ‚
2283 2361 2359 2420 et

221 2444 452 2518 rursus
492 2443 834 2544 expresse
879 2443 1652 2545 prohibeturclericis
1689 2498 1707 2530 ,
1754 2471 1848 2518 ne
1893 2447 2357 2544 negotientur

223 2561 343 2640 per
371 2544 879 2644 interpositam
911 2567 1299 2644 personam
1333 2597 1351 2629 ,
1378 2557 1452 2614 et·
1473 2546 1873 2642 praesertim
1898 2571 1990 2615 ne
2018 2560 2148 2641 per
2175 2544 2357 2618 alios

224 2640 546 2713 cambium
604 2640 907 2713 activum
961 2640 1421 2714 contrahant.
1468 2644 1791 2742 Insuper
1827 2645 1901 2714 in
1952 2642 2089 2715 hac
2139 2641 2360 2718 Bulla

226 2736 545 2812 Clemens
579 2735 939 2839 praecipit,
966 2738 1192 2837 quod,
1235 2738 1516 2812 etiamsi
1554 2739 1743 2813 adsit
1778 2743 2164 2815 necessitas
2210 2743 2361 2814 Fa-

226 2835 429 2909 miliae
454 2897 471 2923 ,
506 2837 840 2911 Clericus
866 2831 1182 2936 'nequeat
1208 2840 1564 2936 negotiari
1598 2837 1757 2911 sine
1782 2840 2362 2937 “Dispensatione

230 2933 415 3006 Sedis
447 2937 888 3035 Apostolicae
912 2995 934 3023 ,
976 2936 1035 3008 si
1069 2935 1161 3008 sit
1199 2934 1397 3008 'intra
1431 2936 1716 3009 Italiam
1749 2962 1767 3026 ;
1799 2938 2148 3035 Episcopi
2186 2935 2363 3010 vero

231 3031 294 3102 si·
338 3039 524 3106 extra
588 3034 897 3107 Italiam.
940 3037 1295 3132 Praeterea
1356 3034 1606 3122 addit,
1644 3036 1702 3106 si
1765 3035 1856 3106 de
1892 3036 2139 3133 aliquo
2171 3059 2362 3108 con-

232 3141 451 3203 tractu
485 3134 995 3231 negotiationis
1037 3131 1417 3204 dubitetur
1443 3189 1460 3221 ,
1499 3158 1588 3205 an
1632 3132 1830 3205 licite
1869 3136 2093 3232 possit
2128 3139 2163 3204 ὲ
2195 3133 2365 3204 Cle-

233 3227 369 3300 rico
430 3232 602 3302 iniri
630 3287 648 3315 ,
694 3231 808 3303 vel
866 3257 962 3303 ne
994 3284 1012 3315 ‚
1066 3230 1661 3329 expeditissimam
1727 3255 1884 3302 esse
1944 3230 2123 3303 viam
2185 3229 2364 3304 scri-

233 3322 430 3422 bendi
455 3330 559 3399 ad
587 3328 661 3403 S.
698 3329 780 3404 C.
815 3330 872 3401 C
874 3327 1142 3420 onczflii,
1177 3343 1331 3427 quoe
1365 3328 1641 3400 dubium
1678 3328 2015 3400 decernet.

326 3452 365 3490 «
414 3452 479 3497 2.
499 3427 565 3500 N
570 3452 666 3499 on
691 3441 800 3501 est
825 3426 1218 3526 negotiatio
1245 3424 1776 3499 Ecclesiasticis
1801 3482 1819 3510 ‚
1844 3426 1962 3498 vel
1989 3390 2478 3522 Religiosis'w.

233 3547 267 3584 υ
319 3522 683 3622 prohibita
713 3582 733 3611 ‚
771 3528 833 3603 si
867 3538 1114 3597 emant
1147 3551 1405 3624 pecora
1431 3551 1653 3624 „quae
1681 3525 1965 3623 pascuis
1997 3525 2144 3596 suis
2172 3526 2364 3622 sagi-

238 3646 273 3684 »
319 3636 479 3694 nata
512 3622 837 3697 vendant
862 3681 884 3710 ‚
931 3625 1116 3722 quia·
1155 3621 1490 3697 vendunt
1521 3622 1805 3695 fructus
1836 3645 2145 3694 'suorum
2176 3649 2374 3719 prae--

238 3742 269 3778 ⁸
323 3718 605 3813 diorum
631 3780 653 3809 ,
675 3722 790 3795 vel
836 3748 1178 3819 agrorum
1197 3778 1215 3806 ‚
1241 3720 1419 3793 Mol.
1445 3721 1645 3792 Less.
1678 3723 1758 3793 C.
1791 3719 1989 3816 Lugo
2018 3736 2187 3793 sect.
2223 3722 2267 3793 3
2293 3746 2367 3798 n.

242 3840 276 3880 >›
325 3840 434 3913 29.
474 3821 594 3894 Uti
627 3846 772 3894 =nec
807 3822 1148 3920 si'greges
1199 3818 1400 3893 alant
1425 3873 1443 3904 ‚
1478 3833 1557 3891 ut
1594 3817 1854 3903 foetu'S,
1912 3815 2027 3890 lac
2064 3873 2081 3902 ‚
2122 3818 2369 3890 lanam

244 3939 274 3975 a
322 3915 678 4007 vendant,
725 3920 805 3993 C.
854 3919 1019 4016 Lug.
1054 3920 1099 3990 l.
1136 3945 1197 3991 c.
1240 3917 1391 3992 Ubi
1425 3932 1669 3989 tamen
1708 3930 1978 4015 negant
2020 3916 2241 3988 licere
2281 3917 2367 3987 iis

246 4035 281 4074 τ)
326 4015 728 4091 conducere
762 4041 970 4113 agros
1002 4072 1020 4098 ,
1058 4029 1142 4090 ut
1169 4015 1451 4089 fructus
1491 4014 1846 4105 vendant,
1883 4040 1968 4087 eo
1999 4012 2201 4113 quod
2227 4014 2256 4106 (
2272 4013 2370 4085 li-

240 4117 279 4169 ⁴»
328 4123 437 4181 cet
467 4139 623 4187 ⁴non
659 4115 748 4185 sit
784 4109 1509 4214 negotiatio-proprie
1539 4112 1792 4210 dicta)
1828 4111 2245 4211 specialiter
2271 4110 2370 4185 il·-
2437 4155 2442 4161 ·

243 4226 277 4270 ι·
325 4204 413 4282 lis
442 4209 533 4287 sit
560 4211 1021 4321 prohibitum
1044 4214 1123 4292 in
1153 4212 1415 4294 Concil.
1447 4212 1782 4315 Carthag.
1811 4238 1854 4287 2
1882 4213 1930 4288 l.
1955 4238 2018 4287 c.
2045 4242 2086 4282 n

2530 333 2557 402 l
