2950 4709
42 4221 57 4660 ήμην-ι.-

771 263 941 364 Cap.
972 264 1088 339 m.
1124 265 1299 340 nuh.
1330 267 1386 338 1.
1421 271 1522 340 De
1554 268 2022 342 conmotibus.
2401 295 2479 340 u

415 397 471 449 ἀ
519 383 587 477 4.
640 384 823 458 Item
883 385 946 456 si
977 397 1395 458 contractus
1422 384 1518 456 sit
1549 383 1782 458 factus
1818 385 1934 471 vi,
1971 380 2178 474 dolo,
2211 381 2326 457 vel
2358 381 2484 456 ers-

319 507 362 549 »
416 505 585 556 rore
615 496 940 562 versante
961 483 1151 556 circa
1181 483 1288 554 rei
1318 480 1796 555 substantiam
1820 539 1839 572 ,
1874 509 1941 557 v,
1974 511 2080 581 gr.
2104 484 2167 555 si
2195 498 2485 556 acetum

320 608 363 648 >2
425 606 561 677 pro
597 584 805 669 vino,
837 583 1106 667 vitrum
1152 606 1283 677 pro
1322 603 1607 677 gemma
1637 581 2057 664 vendidisti.

424 709 466 746 »
514 679 581 752 5.
603 680 773 752 Non
801 694 909 752 est
932 678 1296 751 invalidus
1324 693 1745 753 contractus
1766 680 1929 767 (etsi
1957 653 2357 778 aliquando
2386 675 2481 752 ob
2500 695 2598 764 7¹4

319 803 357 839 a
419 774 771 875 injuriam
811 777 1038 875 possit
1065 776 1440 872 rescindi),
1460 777 1522 849 si
1541 802 1746 850 error
1770 776 1886 852 vel
1917 777 2130 850 dolus
2165 779 2487 850 interve-

326 899 380 963 »ι
417 875 573 946 niat
597 878 791 949 circa
807 873 1232 974 qualitatem
1255 931 1272 960 ,
1291 891 1414 947 aut
1442 877 2065 954 circumstantiam
2084 875 2489 948 accidenta-

321 1000 363 1039 υ
423 971 569 1044 lem
596 999 665 1044 v.
694 1000 761 1071 g.
795 975 1035 1046 emisti
1054 977 1309 1045 vinum
1329 972 2124 1072 Mosellanum,putans
2141 999 2294 1045 esse
2309 972 2493 1045 Rhe·
2533 999 2544 1010 ·

320 1098 361 1135 n
415 1096 705 1146 nanum
727 1081 746 1142 'z
770 1072 909 1145 nisi
935 1070 1121 1145 forte
1135 1073 1444 1145 intentio
1470 1072 1968 1146 contrahentis
1989 1073 2209 1146 suerit
2233 1069 2493 1146 condi·

320 1196 357 1233 ι
408 1168 693 1242 'tionata
731 1197 883 1243 non
933 1170 1312 1269 obligandi
1346 1197 1423 1244 se
1451 1225 1470 1256 ‚
1510 1171 1652 1242 nisi
1685 1172 2033 1248 existente
2065 1171 2196 1245 tali
2244 1167 2494 1269 quali·-

318 1291 365 1335 »ν
411 1278 559 1340 tate
585 1325 606 1359 ,
673 1282 800 1342 aut
862 1269 1407 1342 circumstantia
1440 1295 1460 1355 ;
1516 1268 1752 1367 qualis
1813 1269 2220 1343 virtualiter
2271 1268 2494 1340 fuisse

322 1392 365 1432 »
424 1368 707 1442 censeri
760 1381 1034 1466 potest,
1091 1371 1150 1439 si
1204 1392 1407 1439 error
1434 1381 1765 1440 versetur
1794 1368 1985 1439 circa
2019 1371 2496 1440 circumstan-

324 1487 367 1530 »ι
421 1464 601 1536 tiam
645 1463 854 1539 valde
899 1467 1407 1538 immutantem
1453 1464 1825 1563 objectum
1853 1520 1870 1550 ‚
1917 1480 1992 1538 et
2026 1464 2243 1538 nimis
2276 1490 2497 1537 exce-

321 1589 358 1625 n
421 1559 725 1635 dentem
759 1570 917 1664 eius
955 1563 1602 1652 existimationem,
1641 1573 1722 1637 u‘t
1755 1577 1961 1637 notat
1991 1564 2242 1665 Laym.
2287 1563 2333 1636 l.
2366 1561 2408 1634 3
2438 1576 2493 1635 t.

230 1709 235 1714 -
322 1686 368 1726 ³>
421 1661 731 1752 4c.6.»

427 1759 869 1833 Contractus
901 1772 1006 1832 est
1043 1757 1328 1847 nullus,
1365 1760 1427 1832 si
1458 1759 1712 1845 dolus,
1748 1759 1864 1834 vel
1918 1785 2121 1833 error
2164 1758 2258 1832 sit
2301 1757 2497 1831 cirea

324 1853 814 1930 substantiam
861 1856 1302 1943 contractus.
1355 1858 1490 1933 Est
1545 1883 1989 1948 commune3
2030 1858 2230 1931 Less.
2267 1859 2313 1930 l.
2358 1882 2398 1927 2
2429 1879 2491 1927 c.

333 1955 414 2051 ¹7
451 1981 525 2025 n.
571 1981 659 2054 27
694 1955 915 2028 Salm.
947 1981 1008 2028 c.
1059 1981 1080 2027 1
1125 1982 1199 2030 n.
1247 1983 1330 2055 ¹9
1350 1979 1504 2027 cum
1528 1958 1734 2028 Trull.
1763 1958 1951 2028 Bon.
1983 1951 2213 2028 'VillaL
2244 1971 2371 2026 etc.
2401 1978 2499 2024 ex

284 2091 289 2094 -
320 2050 396 2124 S.
440 2051 857 2148 Tbom.p.3
931 2111 947 2126 .
987 2053 1070 2126 51
1117 2072 1244 2127 art.
1286 2082 1326 2126 2
1359 2055 1458 2126 ad
1488 2080 1558 2152 7.
1602 2058 1699 2127 Et
1729 2046 1897 2138 hoc,
1921 2055 2203 2126 etiamsi
2232 2051 2445 2123 dolus
2474 2106 2495 2140 ,

322 2148 443 2222 vel
474 2173 679 2223 error
699 2178 850 2224 non
918 2151 1152 2226 ederit
1171 2180 1465 2226 causam
1496 2153 1931 2236 contractui,
1965 2153 2151 2223 idest
2181 2148 2498 2234 etiamsi,

327 2249 695 2345 patefacto
729 2275 975 2344 errore
998 2308 1020 2337 ,
1063 2277 1226 2349 pars
1263 2249 1510 2322 adhuc
1546 2251 2019 2323 contraxisset
2049 2278 2067 2344 ς
2100 2249 2269 2347 quia
2302 2273 2502 2320 sem·-

324 2373 465 2445 per
507 2347 763 2421 deficit
799 2348 1104 2421 actualis
1139 2372 1538 2421 consensus
1569 2405 1586 2434 ,
1614 2347 1834 2421 Salm.
1862 2348 2027 2420 ibid.
2055 2372 2211 2420 cum
2237 2344 2500 2418 Sanch.
2609 2417 2614 2422 .

325 2445 523 2532 Bon.
573 2448 749 2518 Con.
789 2448 855 2518 T
842 2448 992 2517 rull.
1022 2447 1278 2520 Avers.
1316 2463 1447 2520 etc.
1484 2448 1914 2520 Communis
1943 2444 1983 2518 ὲ
2023 2459 2369 2519 converso
2396 2457 2506 2528 est

318 2544 948 2642 sententia,quod‚
979 2545 1039 2615 si
1073 2570 1277 2617 error
1298 2547 1396 2617 sit
1429 2572 1583 2617 non
1609 2546 1812 2618 circa·
1835 2544 2342 2632 substantiam,
2371 2542 2505 2616 sed

324 2641 524 2715 circa
545 2643 976 2741 qualitatem
1009 2643 1136 2726 rei,
1166 2659 1235 2716 et
1270 2667 1418 2715 non
1447 2643 1731 2716 dederit
1753 2669 2044 2716 causam
2062 2643 2500 2731 contractui,

324 2753 749 2814 contractus
798 2743 895 2813 sit
943 2740 1226 2814 validus
1261 2796 1280 2827 ,
1313 2742 1525 2815 Less,
1565 2740 1655 2816 ib.
1703 2767 1776 2813 n.
1809 2745 1902 2815 28
1932 2765 2087 2813 cum
2120 2740 2196 2812 S.
2228 2741 2497 2814 Antan.

327 2836 536 2927 SoIO,
567 2838 720 2935 Caj.
757 2840 951 2928 Hinc
985 2839 1086 2909 ait
1120 2839 1330 2910 Less.
1370 2839 1575 2937 quod
1608 2893 1626 2924 ‚
1660 2838 1833 2912 licet
1863 2865 2007 2911 una
2036 2863 2201 2937 pars
2233 2838 2506 2936 decep-

320 2949 394 3007 ta
461 2936 717 3009 suisset
764 2938 844 3009 in
905 2939 1141 3032 pretio
1172 2936 1364 3009 ultra
1405 2936 1802 3009 dimidium
1834 2991 1851 3020 ,
1882 2953 2305 3008 contractus
2347 2962 2503 3009 non

381 3049 577 3106 osset
608 3034 926 3128 rescindi
959 3033 1240 3121 {altera
1274 3033 1573 3109 nolente
1605 3060 1646 3118 .·’
1662 3034 1794 3107 sed
1829 3032 2071 3108 solum
2107 3035 2204 3107 ad
2250 3060 2505 3133 aequa-
2538 3080 2549 3122 7

361 3131 610 3205 'tatem
643 3131 1108 3206 reducendus
1134 3147 1320 3205 esset
1353 3157 1372 3218 ;
1406 3133 1622 3204 Salen.
1665 3147 1906 3210 tamen
1946 3160 2009 3204 c.
2065 3161 2086 3205 1
2134 3160 2206 3205 n.
2238 3160 2330 3207 20
2346 3158 2503 3208 cum

321 3229 583 3303 Molin.
620 3230 884 3320 dicunt
914 3286 932 3321 ‚
970 3245 1435 3318 contractum
1463 3255 1677 3330 posse
1718 3230 2058 3304 rescindi.

390 3327 567 3402 -Sed
612 3335 853 3428 majus
908 3328 1222 3401 dubium
1259 3342 1367 3400 est
1396 3384 1415 3415 ‚
1477 3329 1540 3401 si
1589 3328 1807 3402 dolus
1840 3385 1858 3415 ‚
1899 3328 2014 3405 vel
2047 3353 2249 3401 error
2283 3326 2613 3407 fueritmf»

323 3426 617 3500 tantum
651 3428 844 3500 circa
880 3427 984 3500 rei
1011 3426 1440 3526 qualitatem
1465 3483 1485 3512 ,
1518 3426 1651 3501 sed
1680 3427 1969 3500 dederit
2000 3450 2504 3502 causamcon-

326 3525 646 3615 tractui,
678 3527 775 3598 ita
806 3540 889 3598 ut
913 3584 932 3610 ,
958 3526 1090 3598 illo
1119 3525 1506 3598 manifesto
1535 3583 1553 3617 ‚
1592 3551 1946 3625 pars,non
1982 3525 2501 3614 consensisset,

329 3621 581 3704 utrum
605 3614 893 3697 validus
932 3638 1355 3696 contractus
1396 3625 1817 3698 remaneat?
1857 3625 2137 3721 Negant
2169 3622 2263 3693 P.
2307 3623 2507 3694 Con-

324 3720 484 3794 cina
514 3736 684 3796 tom.
726 3749 767 3823 7
791 3752 870 3819 p.
915 3720 1057 3815 246
1084 3723 1318 3798 ,Ba-sil.
1358 3736 1428 3794 et
1448 3721 1582 3793 alii
1595 3722 1790 3817 apud
1817 3719 2034 3792 Salm.
2065 3721 2152 3792 de
2178 3718 2502 3803 Matrim.

329 3843 391 3900 ιζ.
428 3845 604 3893 ton.
649 3846 734 3894 12
763 3836 835 3892 et
852 3820 1344 3918 Proepas.0um
1375 3819 1678 3906 Medina
1715 3821 1906 3918 apud
1931 3818 2149 3892 Salm.
2170 3819 2260 3890 de
2278 3818 2501 3892 Matr.

326 3915 373 3988 l.
419 3941 459 4018 7
489 3917 590 3994 D.
640 3920 735 3992 18
767 3943 847 3991 n.
891 3944 971 4015 ¹7
1013 3935 1087 3990 et
1116 3917 1335 3989 Salm.
1375 3919 1465 3988 de
1503 3917 1739 3990 Contr.
1778 3945 1846 3992 c.-
1893 3945 1917 3990 1
1969 3945 2042 3992 n.
2091 3946 2173 3990 αι
2219 3914 2506 4014 proba-

323 4012 474 4092 hue
507 4027 811 4118 putant.
847 4016 1057 4089 Ratio
1085 4072 1106 4106 ‚
1140 4016 1314 4116 quia
1352 4014 1530 4088 licet
1566 4014 1878 4112 qualitas
1902 4018 2176 4108 inesse
2202 4013 2504 4111 physico

314 4118 407 4210 sit
440 4115 640 4221 quid
676 4105 1143 4191 accidentale
1165 4171 1202 4220 Ξ,
1240 4113 1322 4189 in
1358 4139 1515 4191 esse
1553 4127 1800 4196 tamen
1835 4112 2099 4198 morali
2138 4109 2507 4188 habeti-22
