2950 4709
513 230 650 299 018
792 231 939 299 Lib.
959 231 1074 325 ΙΙΙ.
1091 230 1308 302 Tract.
1330 233 1418 304 V.
1438 235 1537 303 De
1554 233 1842 329 Septimo
1858 228 2174 333 Praecepto
2191 230 2415 300 Decal.

524 347 574 437 4
602 370 665 416 c.
706 370 748 416 2
781 344 938 419 dub.
992 372 1016 419 ι
1057 370 1250 426 num.
1295 371 1354 420 1.
1389 346 1637 420 Prima
1661 348 2018 420 sententia
2055 345 2361 420 affirmat
2391 395 2414 428 ,
2455 360 2664 437 quam

524 453 781 515 tenent
811 442 1063 517 Armil.
1115 470 1182 517 ν.
1228 442 1591 543 legatum.
1628 472 1702 518 ιι.
1744 447 1865 520 55.
1898 445 2085 543 Ang.
2121 445 2275 516 eod.
2316 437 2492 512 verb.
2524 436 2572 508 l.
2598 460 2656 506 c.

522 538 733 614 Ratio
763 597 791 630 ,
866 542 984 614 uia
1013 541 1255 615 omnia
1279 540 1514 641 legata
1539 543 2052 642 intelliguntur
2075 536 2436 642 implicite
2465 533 2660 609 relec⁴

523 649 600 709 ta
630 637 727 711 ad
751 566 1135 715 anfifitrium
1165 640 1384 741 Papae
1411 698 1429 734 ,
1477 640 1587 715 vel
1617 642 1991 742 principis.
2019 639 2341 714 Secunda
2379 649 2663 709 senten-

521 735 626 808 tia
663 791 683 823 ,
732 752 1257 839 quam-tenent
1295 738 1562 909 Atzfises
1592 795 1612 827 ‚
1645 741 1915 812 Rosea.
1968 740 2249 813 Covart.
2309 751 2443 809 etc.
2499 722 2669 828 apud

519 830 785 910 Sorech.
821 861 895 910 ιι.
950 862 1018 910 2.
1058 848 1132 911 et
1180 838 1300 911 cui
1348 865 1386 908 a
1498 836 1670 911 oeret
1700 840 1912 911 Crot’x
1937 838 1974 908 l
2032 839 2078 930 4
2107 860 2181 907 ιι.
2216 838 2389 929 482.
2427 831 2503 905 id
2543 826 2663 900 ad-

520 934 751 1007 mittit
797 933 892 1007 de
947 949 1297 1035 potestate
1354 935 1735 1026 absoluta,
1785 963 1938 1010 non
1986 947 2229 1009 autem
2287 928 2689 1027 ordinaria-¹

523 1030 757 1105 Tertia
776 1034 1134 1109 sententia
1153 1036 1390 1109 verior
1411 1047 1486 1109 et
1502 1061 1794 1108 commu
1807 1035 1915 1107 nis
1937 1086 1954 1125 ,
1979 1060 2204 1133 quam
2226 1043 2491 1103 tenent
2505 1028 2669 1098 Bus.
2688 1064 2695 1069 ·

517 1125 685 1226 infr.
719 1156 795 1208 n.
831 1131 1000 1231 939.
1038 1130 1275 1205 Sanclz
1309 1159 1379 1204 ιι.
1425 1139 1473 1228 4
1506 1156 1667 1206 cum
1713 1133 1904 1205 Bari.
1954 1131 2192 1206 δαείη.
2230 1130 2487 1228 Laym.
2520 1127 2564 1200 Ι.
2605 1123 2668 1197 3.

517 1241 603 1300 tr.
643 1229 688 1302 5
722 1256 783 1303 c.
848 1256 921 1302 11
974 1256 1051 1305 n.
1100 1227 1455 1304 11.Salm.
1496 1257 1560 1304 c.
1600 1232 1644 1305 5
1681 1256 1750 1302 n.
1819 1235 1978 1330 ¹94·
2028 1254 2200 1304 cum
2248 1219 2662 1310 communi,

518 1324 703 1401 Mol.
741 1328 786 1399 l.
822 1329 893 1420 4.
923 1326 1015 1400 de
1048 1327 1363 1427 Pn‘mog.
1399 1356 1465 1405 c.
1501 1330 1547 1404 3
1585 1354 1659 1402 ιι.
1700 1354 1807 1428 ¹9·
1837 1346 1909 1401 et
1936 1328 2114 1426 Lug.
2148 1327 2242 1397 D.
2283 1326 2378 1417 24
2412 1348 2484 1393 ιι.
2513 1321 2665 1392 312.

510 1427 551 1517 (
587 1425 716 1524 qui
759 1424 1089 1526 praefatas
1121 1425 1303 1499 duas
1340 1430 1732 1505 sententias
1772 1427 1991 1501 falsas
2036 1424 2342 1515 vocat),
2384 1413 2670 1494 omnino

517 1537 738 1621 negat
767 1548 980 1624 posse
1009 1523 1497 1615 Pontificem..
1533 1541 1658 1599 aut
1678 1525 2099 1626 Principem
2125 1520 2285 1597 sinc
2320 1526 2509 1619 justa
2530 1542 2669 1590 cau·

518 1644 600 1692 sa
632 1635 1084 1695 commutare
1119 1622 1583 1697 Testatorum
1626 1623 2060 1698 voluntates.
2098 1620 2468 1696 Probatur
2507 1635 2669 1688 nex

522 1716 732 1794 Trid.
760 1717 959 1805 Sess,
992 1745 1085 1795 22
1116 1747 1176 1794 c.
1204 1720 1275 1797 6.
1310 1720 1438 1795 ubi
1457 1725 1575 1817 (ut
1605 1723 1826 1795 sentit
1849 1723 2099 1821 Loym.
2134 1722 2178 1791 l.
2211 1744 2281 1792 c.
2316 1740 2473 1788 cum
2508 1709 2668 1785 Mol.

518 1814 618 1888 D.
655 1819 816 1917 249.
851 1820 1353 1918 >supponitur
1384 1875 1402 1913 ,
1439 1821 1621 1893 tales
1655 1821 2264 1892 commutationes
2290 1840 2449 1904 §non
2479 1832 2689 1912 posse·

521 1914 682 1987 fieri
710 1919 751 1988 a
792 1915 978 1990 Sede
1011 1916 1468 2016 Apostolica,
1498 1918 1790 1991 nonnis-i
1810 1944 1907 1991 ea·
1943 1917 2147 2015 justa
2184 1932 2258 1987 et
2285 1906 2689 1986 necessaria·

519 2036 766 2088 causa.
815 2014 1183 2090 Probatur
1223 2042 1291 2092 2.
1344 2018 1622 2093 ratione
1662 2071 1683 2103 .
1730 2018 1901 2115 quia
1954 2015 2126 2087 licet
2179 2010 2692 2112 dispositiones·

524 2109 992 2187 Testatur-um
1013 2128 1449 2189 censeantur
1468 2142 1631 2189 com
1641 2115 1874 2187 missae
1890 2116 1984 2187 Pa
1994 2138 2100 2214 pae
2113 2111 2257 2211 (vel
2292 2105 2606 2205 Principi
2621 2107 2667 2194 ).

524 2232 679 2283 non
705 2224 950 2285 tamen
979 2227 1060 2287 ut
1086 2212 1386 2288 domino
1406 2269 1425 2303 ,
1445 2214 1576 2288 sed
1604 2229 1683 2286 ut
1710 2213 1886 2283 boni
1904 2211 2320 2285 communis
2345 2262 2365 2297 ‚
2408 2217 2532 2277 aut
2546 2202 2673 2302 pia·

526 2332 695 2380 rum
715 2334 1099 2384 causarum
1120 2311 1604 2411 dispensatori
1619 2311 2218 2396 committuntur,
2244 2303 2451 2380 unde
2477 2360 2494 2389 ‚
2520 2301 2687 2397 eilm’

524 2405 862 2489 Pontifex
889 2435 1038 2481 non
1067 2409 1523 2483 sitdominus
1553 2409 1810 2482 talium
1839 2408 2207 2481 bonorum
2227 2463 2245 2494 ‚
2275 2428 2441 2477 non<
2462 2408 2672 2502 potest

531 2501 776 2599 neque
821 2528 909 2577 ex
957 2520 1312 2605 potestate
1357 2508 1729 2581 ordinaria
1759 2564 1776 2598 ‚
1838 2505 2081 2606 neque
2126 2495 2692 2577 extraordinaria-

534 2614 957 2674 convertere
971 2602 1131 2677 sine
1151 2630 1366 2679 causa
1388 2605 1517 2680 has
1537 2603 2175 2707 dispositiones,ad
2195 2600 2432 2675 alium
2456 2608 2668 2678 usum,

537 2700 763 2796 quam
795 2702 834 2771 a
868 2699 1365 2775 Testatoribus
1395 2719 1570 2777 sunt
1597 2704 1989 2777 destinatae.
2021 2703 2096 2776 Si
2124 2698 2347 2802 igitur
2379 2699 2671 2795 legatum

530 2809 641 2868 est
675 2797 1066 2895 profanum
1099 2854 1116 2885 ,
1171 2800 1439 2900 poterit
1473 2803 1827 2902 Princeps
1872 2801 1967 2874 ob
2019 2799 2525 2872 necessitatem
2555 2817 2673 2891 pu·

531 2892 846 2983 blicam,
888 2895 1004 2970 vel
1052 2898 1587 2998 aliam,justam
1625 2924 1968 2990 causam,
2007 2899 2086 2970 in
2122 2897 2331 2968 aliud
2375 2895 2691 2992 legatum·-

535 2992 929 3090 profanum
970 3051 988 3077 .
1040 2996 1154 3068 vel
1199 2999 1408 3097 pium
1445 2995 1639 3070 illud
1672 2990 2145 3070 commutare.
2184 2993 2260 3067 Si
2290 2991 2466 3067 verb
2492 2990 2672 3085 lega-

532 3103 696 3161 tum
735 3093 829 3166 sit
862 3093 1067 3190 pium
1098 3150 1118 3179 ,
1173 3096 1441 3194 poterit
1470 3095 1667 3195 Papa
1708 3093 1995 3167 tantitm
2023 3151 2041 3184 ,
2078 3095 2271 3192 justa
2312 3090 2528 3165 causa
2568 3089 2690 3157 in·‘

533 3190 981 3264 terveniente
1013 3247 1031 3276 ,
1069 3191 1147 3264 id
1174 3196 1248 3264 in
1282 3190 1487 3265 aliud
1525 3197 1727 3297 pium
1763 3207 2206 3265 convertere.
2484 3184 2495 3201 ‘
2564 3224 2570 3230 ·

632 3286 1004 3376 Quaeritur
1035 3288 1127 3362 Π.
1158 3292 1276 3363 An
1312 3292 1667 3390 Episcopi
1706 3317 1875 3362 cum
1914 3295 2103 3390 justa
2153 3313 2371 3362 causa
2420 3278 2673 3384 possint

538 3399 989 3459 commutare
1029 3389 1181 3487 pias
1228 3387 1793 3490 dispositiones?
1826 3387 2076 3459 Prima
2106 3386 2465 3460 sententia
2499 3377 2672 3482 affir-

537 3493 691 3550 mat
720 3495 792 3552 et
818 3481 1011 3557 hanc
1039 3498 1290 3558 tenent
1324 3486 1577 3581 Angel.
1614 3515 1674 3560 ν.
1707 3486 2074 3583 Legatum.
2120 3511 2189 3557 2.
2224 3509 2300 3558 ιι.
2339 3494 2423 3556 ε’2
2461 3493 2531 3550 et
2577 3473 2671 3566 ¹4·

539 3574 832 3675 Sylvest.
883 3584 1150 3652 eodem'
1181 3612 1246 3658 ν.
1353 3638 1368 3653 .
1428 3608 1538 3655 12.
1588 3585 1787 3657 Arm.
1823 3608 1898 3656 n.
1936 3582 2055 3656 55.
2093 3598 2166 3654 et
2199 3580 2464 3654 Rosell.
2516 3574 2671 3666 Tap·

542 3673 736 3770 apud
755 3673 1013 3751 Sanch.
1051 3680 1267 3754 Cons.
1300 3609 1347 3753 ἵ
1378 3684 1426 3775 4
1452 3704 1516 3752 c.
1544 3680 1772 3757 adab.
1804 3706 1848 3753 2
1874 3704 1946 3751 n.
1979 3682 2022 3765 3
2050 3696 2120 3752 et
2137 3680 2322 3772 Besa
2350 3701 2518 3751 cum
2534 3666 2673 3743 aliis

545 3795 640 3865 ap
658 3770 875 3882 ertlz·
899 3776 943 3845 l.
973 3779 1106 3868 4η.
1133 3781 1302 3877 849.
1330 3779 1453 3877 qui
1484 3778 1659 3853 huic
1687 3780 2066 3851 sententiat
2089 3769 2667 3852 adhaerentiam,

557 3890 618 3938 1.
657 3870 825 3965 quta
858 3877 1270 3948 communis
1303 3878 1660 3950 sententia
1685 3878 1810 3977 (ut
1848 3879 2102 3950 asserit
2144 3875 2382 3949 Creib.
2406 3876 2435 3972 )
2456 3872 2673 3949 tenet,

551 3960 749 4071 apud
793 3965 1199 4068 Episcopus
1244 3998 1398 4047 esse
1446 3973 1877 4073 hujusmodi
1922 3974 2348 4048 facultatem
2399 3968 2681 4044 ordina-·

553 4081 737 4133 nam
784 4070 1325 4163 commutandi;
1397 4073 1568 4172 quia
1618 4073 1782 4173 talis
1828 4075 2306 4159 commutatio
2358 4084 2466 4146 est
2497 4074 2683 4168 quae'·
