2950 4709
532 240 694 339 Cap.
731 243 787 314 1'.
825 246 1001 313 Dub.
1038 242 1153 313 ΠΙ.
1190 247 1291 314 De
1324 245 1648 338 Praecepto
1661 245 1961 316 'Octavus
2064 296 2069 301 -
2214 236 2343 341 279

198 376 237 419 ¹
292 348 436 426 iata
482 382 629 430 non
675 358 1042 432 redundet
1092 359 1168 430 in
1207 357 1429 430 alios.
1498 342 1611 431 Ita'
1665 356 2147 457 probabiliter
2188 356 2341 432 Tol.

201 474 239 516 n
294 452 496 526 Less.
528 456 712 554 Sylm
743 458 969 530 Mald.
1000 455 1221 527 Dian.
1250 473 1299 528 t.
1334 483 1375 527 2
1409 473 1498 529 tr.
1530 458 1573 530 5
1599 458 1690 528 R.
1729 458 1845 531 30.
1875 458 2054 529 Mol.
2089 463 2346 549 contr}
2384 450 2391 459 ’

103 614 104 617 ,
200 575 241 617 >›
294 551 447 641 Cas.
493 554 673 627 Tan.
711 557 919 628 Card.
952 555 1146 652 Lugo
1174 611 1192 643 ,
1232 571 1302 626 et
1327 555 1523 629 Nae.
1563 585 1598 621 n

292 651 660 739 Quaeritur
713 653 933 750 igitur
993 655 1046 726 Ι.
1113 657 1229 725 An
1286 653 1502 724 liceat
1543 678 2018 751 compensare
2072 652 2346 725 famam

197 769 365 816 cum
394 747 583 822 fama
620 751 650 822 Ρ
685 753 985 826 Certum
1033 765 1141 823 est
1181 778 1202 823 ι
1248 750 1452 850 quod
1483 808 1501 840 ‚
1543 756 1601 823 si
1639 752 1822 825 alter
1858 750 1993 824 tibi
2026 750 2201 832 velit
2229 750 2345 824 fa·-

199 864 389 914 mam
428 851 808 922 restituere
844 906 861 938 ‚
897 851 1205 922 tenearis
1236 864 1312 922 tu
1354 853 1627 948 pariter
1663 850 2038 924 restituere
2073 849 2345 925 famam

197 942 264 1012 ei
320 943 664 1019 ablatam.
720 950 1021 1021 Certum
1062 962 1188 1020 est>
1214 973 1255 1019 2
1315 947 1566 1047 quod,
1603 951 1661 1022 si
1697 948 1878 1022 alter
1907 949 2173 1021 famam
2206 946 2361 1039 tibi,

143 1134 148 1139 Ι
192 1041 334 1134 jam
365 1041 745 1119 abstulerit
768 1102 784 1130 ‚
817 1073 966 1143 non
986 1045 1226 1146 possis
1254 1044 1526 1120 deinde
1553 1049 1627 1120 in
1667 1061 2344 1146 compensationem

197 1135 459 1213 famam
494 1143 603 1216 illi
641 1146 960 1234 auferre;
1002 1145 1168 1245 quia
1197 1158 1376 1218 tunc
1410 1170 1559 1217 non
1591 1160 1780 1218 esset
1811 1144 2345 1243 haec-compen·

197 1241 369 1346 satio
395 1297 414 1328 ‚
451 1243 585 1315 sed
628 1245 988 1334 vindicta,
1023 1269 1193 1318 cum
1235 1243 1424 1315 fama
1460 1258 1584 1315 tua
1618 1270 1770 1339 non
1805 1257 2188 1343 reparetur
2208 1260 2344 1342 per

192 1334 560 1413 lnfamiam
597 1341 825 1415 illius.
857 1342 963 1416 Ita
994 1341 1484 1415 communiter
1508 1342 1664 1415 DD.
1693 1368 1865 1415 cum
1892 1342 2106 1414 Salm.
2143 1355 2225 1417 tr.
2255 1341 2343 1414 13

198 1456 255 1501 c.
313 1439 359 1529 4
406 1464 479 1508 n.
542 1441 698 1532 143.
739 1441 883 1513 Sed
924 1443 1232 1539 quaestio
1273 1443 1577 1513 'vertitur
1603 1495 1621 1526 ‚
1662 1466 1792 1524 an,
1833 1442 1896 1513 si
1934 1437 2121 1513 alter
2148 1438 2345 1513 nolit

195 1528 454 1608 samam
497 1537 630 1609 tihi
674 1542 1049 1612 restituere
1081 1596 1099 1628 ,
1150 1538 1492 1652 possis-tu
1526 1539 2194 1638 compensationem
2229 1536 2345 1609 fa·

199 1654 387 1720 cere,
426 1635 832 1710 differendo
862 1637 1396 1710 restitutionem
1425 1641 1586 1735 ejus
1615 1636 1870 1711 famae?
1899 1636 2151 1708 Prima
2173 1659 2343 1708 sen-

195 1733 410 1805 tentia
448 1750 704 1831 negat,
762 1762 984 1835 quam
1025 1748 1281 1809 tenent
1312 1735 1504 1806 Nav.
1530 1758 1594 1808 e.
1633 1738 1719 1811 18
1755 1761 1828 1809 n.
1865 1736 1993 1830 47.
2019 1732 2214 1831 Lugo
2238 1733 2347 1824 Β.

207 1830 283 1901 15
314 1854 384 1904 n.
412 1833 537 1925 45.
561 1832 755 1928 Spor.
786 1836 871 1905 de
906 1838 953 1907 8
981 1836 1109 1905 Pr.
1136 1861 1198 1908 c.
1235 1835 1281 1925 4
1313 1859 1385 1907 n.
1426 1835 1558 1905 118
1579 1855 1736 1903 cum
1763 1833 1861 1907 P.
1890 1833 2083 1902 Nar.
2108 1831 2335 1927 Cajet.

204 1926 349 2001 Vol.
406 1945 478 2001 et
529 1932 597 2001 T
590 1958 760 2006 ann.
810 1934 1053 2018 Ratio,
1090 1934 1259 2031 quia
1299 1930 1799 2030 compensatio
1836 1927 2126 2003 tantum
2160 1954 2340 2001 con-

194 2027 466 2101 ceditur
506 2027 598 2102 ad
641 2030 1135 2130 reparandum
1188 2030 1545 2101 damnum
1590 2028 1934 2101 illatum:
1969 2028 2047 2099 in
2085 2040 2336 2101 nostro

199 2141 420 2200 autem
475 2154 693 2219 casu,
747 2144 827 2202 tu
881 2155 1033 2202 non
1093 2125 1546 2200 restituendo
1583 2126 1791 2199 alteri
1840 2124 2145 2212 famam,
2181 2150 2338 2198 non

199 2225 331 2321 jam
386 2251 775 2327 recuperas
832 2227 1101 2300 famam
1133 2242 1337 2301 tuam
1367 2224 1461 2296 ab
1492 2223 1626 2298 illo
1658 2224 1976 2297 ablatam
2006 2279 2024 2314 ‚
2060 2236 2133 2296 et
2165 2222 2339 2301 ideo

195 2346 332 2398 non
366 2323 585 2398 datur
635 2328 1130 2426 compensatio
1158 2382 1178 2417 ,
1215 2350 1387 2399 cum
1422 2324 1583 2422 ipsa
1623 2348 1773 2396 non
1811 2336 2098 2423 reparet
2131 2318 2340 2394 dam·-

195 2444 362 2495 num
441 2423 760 2499 illatum.
839 2422 1160 2496 Secunda
1226 2421 1401 2496 vero
1450 2421 1812 2496 sententia
1869 2419 2339 2494 communior

195 2520 380 2611 (imo
423 2521 1055 2611 communissima,
1088 2537 1173 2594 ut
1207 2523 1470 2594 fatetur
1505 2520 1702 2617 idem
1736 2519 1990 2617 Sper.)
2012 2576 2031 2609 ,
2068 2532 2142 2591 et
2168 2544 2340 2617 pro·-

198 2613 495 2694 babilior
525 2677 546 2713 ,
608 2647 832 2722 quam
890 2619 1349 2720 probabilem
1412 2633 1626 2692 vocat
1680 2619 1905 2715 Lago,
1962 2632 2036 2692 et
2084 2630 2341 2690 tenent

198 2741 352 2790 cum
376 2720 550 2793 Bus.
580 2735 656 2792 ut
681 2721 924 2815 supra,
954 2718 1248 2791 Lesst'us
1275 2720 1324 2793 l.
1364 2742 1405 2788 2
1439 2745 1515 2790 c.-
1548 2742 1573 2790 1
1599 2743 1624 2790 1
1651 2742 1725 2788 n.
1768 2717 1942 2792 133..
1964 2716 2210 2815 Laym.
2241 2731 2334 2785 tr.

202 2813 240 2885 3
254 2842 321 2911 p.
356 2843 397 2889 2
431 2845 493 2894 c.
528 2844 572 2916 7
608 2844 681 2892 n.
714 2816 785 2912 4.
819 2817 1279 2890 Continuator
1310 2814 1660 2912 Toumely
1683 2830 1736 2886 t.
1781 2840 1806 2887 ι
1830 2843 1919 2912 p.
1945 2813 2114 2885 381.
2147 2813 2338 2888 Mol.

202 2911 283 2985 D.
312 2917 426 3014 49.
460 2915 731 3016 Sylvius
768 2942 839 2989 2.
879 2942 920 2988 2
954 2940 1025 3014 q.
1061 2913 1158 2989 62
1188 2931 1322 2989 art.
1361 2941 1428 2987 2.
1455 2913 1684 2988 Ronc.
1716 2914 1804 2984 de
1836 2935 1876 3011 7
1912 2912 2043 2983 Pr.
2079 2937 2144 2982 c.
2177 2910 2221 2984 3
2257 2938 2355 3008 q.-

207 3008 246 3080 3
268 3011 353 3087 Re
387 3014 456 3088 5.
492 3013 716 3088 Holz.
755 3016 844 3085 de
873 3014 1075 3087 Rest.
1114 3036 1174 3088 c.
1212 3013 1258 3087 3
1296 3040 1372 3085 n.
1413 3012 1584 3106 604.
1627 3009 1964 3108 Wigandt
1987 3025 2067 3079 tr.
2105 3010 2151 3080 8
2176 3008 2365 3082 Ea&

210 3104 248 3177 5
273 3132 341 3184 -η,
388 3114 521 3186 103
578 3112 664 3185 R.
711 3114 758 3206 4
802 3109 877 3183 in
899 3111 1051 3208 fin.
1085 3107 1313 3197 sotus
1366 3109 1414 3183 l.
1444 3112 1493 3203 4
1524 3111 1612 3179 de
1633 3109 1832 3179 Just.
1863 3132 1970 3182 ar.
1996 3106 2039 3180 3
2065 3107 2233 3199 ad4
2267 3121 2341 3178 et

205 3201 389 3287 Saltu.
428 3212 477 3284 l.
520 3238 583 3284 c.
640 3236 712 3284 n.
758 3211 890 3303 143
935 3233 1091 3281 cum
1143 3208 1238 3280 Sa
1263 3264 1283 3298 ‚
1325 3206 1504 3279 Reb.
1536 3205 1699 3279 Dic.
1742 3205 1952 3279 Trull.
1990 3206 2064 3275 V
2054 3205 2147 3276 ill.
2191 3218 2334 3277 etc.

204 3308 597 3382 concedunt
617 3307 1542 3409 compensationem.‘Ratio
1567 3360 1583 3391 ‚
1607 3305 1780 3403 quia
1806 3303 1947 3376 hoc
1976 3326 2145 3376 casu
2179 3326 2334 3376 non

203 3401 275 3472 fit
323 3405 811 3506 compensatio
869 3405 947 3477 in
985 3404 1442 3505 reparatione
1500 3403 1777 3503 proprii
1831 3400 2122 3491 damni,
2154 3428 2333 3499 cum

205 3502 559 3605 utriusque
607 3505 833 3604 partis
893 3502 1248 3575 damnum
1288 3516 1759 3602 permaneat;
1816 3501 1946 3571 sed
1982 3502 2063 3572 fit
2093 3499 2170 3570 in
2206 3522 2336 3571 ΓΘΑ

208 3602 505 3676 tentione
559 3602 837 3692 debiti,
892 3600 979 3673 eo
1021 3600 1224 3698 quod
1273 3602 1506 3701 possis
1564 3614 1643 3671 tu
1702 3599 2017 3670 retinere
2061 3596 2332 3669 famam

209 3693 521 3790 alterius,
558 3701 792 3773 donec
846 3698 974 3772 ille
1034 3701 1300 3774 famam
1358 3698 1492 3771 tibi
1552 3695 2089 3771 restituatzAit
2129 3695 2335 3767 enim

215 3791 430 3891 Laym.
464 3858 485 3886 ,
536 3799 869 3897 regulam
937 3824 1091 3873 esse
1148 3797 1553 3893 generalem
1582 3851 1603 3884 ‚
1665 3792 1855 3890 quod
1902 3790 2168 3890 cogens
2206 3814 2332 3884 lus

219 3913 381 3964 suum
416 3898 612 3968 alteri
657 3898 941 3969 reddere
967 3956 991 3985 ,
1031 3894 1101 3969 si
1149 3896 1263 3968 ille
1308 3908 1586 3968 recuset
1634 3891 1761 3963 tibi
1781 3889 2068 3962 reddere
2105 3902 2332 3967 tuum.

221 3983 388 4064 Licet
435 3994 601 4094 ergo
649 3996 810 4069 haec
871 3994 1567 4095 quomodocumque
1599 3990 1795 4063 dicta
1827 3984 2331 4088 compensatio
2366 4001 2375 4017 '

224 4104 345 4161 noa
384 4093 655 4169 auferat
688 4094 1046 4170 damnum
1097 4092 1233 4167 tibi
1292 4091 1621 4166 ablatum
1654 4145 1683 4179 ,
1738 4086 1979 4163 aufert
2030 4101 2349 4175 tamon»,
