2950 4709
506 239 593 311 50
698 340 703 348 ι
779 247 924 314 Lib.
947 244 1060 314 111.
1081 248 1297 314 Tract.
1319 247 1526 315 V.De
1545 247 1830 339 Septimo
1846 246 2165 339 Praecepto
2184 248 2407 315 Decal.

504 358 971 431 indivisibilis
1008 358 1195 430 nihil
1231 358 1563 436 debetur.
1598 359 1791 431 Vide
1828 359 2139 432 dicenda
2174 359 2265 432 de
2301 359 2517 431 Matr.
2545 355 2594 428 l.
2624 356 2676 436 6

505 485 579 528 n.
635 458 766 531 851
822 486 878 528 ν.
922 457 1117 550 ‘Cum
1157 474 1416 530 autem.
1469 458 1637 530 Non
1680 458 2097 552 negandum
2152 473 2440 543 tamen,
2489 457 2678 553 quin

509 555 809 629 foemina
841 556 1147 628 honesta
1246 583 1327 628 ro
1389 582 1523 628 usu
1576 556 1689 628 sui
1722 557 2043 656 corporis
2086 558 2310 654 possit
2354 557 2681 654 recipere

510 653 789 754 quanto
824 655 1026 753 plus,
1060 670 1138 725 ut
1227 668 1387 725 ocet
1414 653 1611 728 Less.
1652 655 1696 725 l.
1743 682 1784 726 2
1811 682 1870 726 r.
1923 658 2003 747 14
2033 682 2103 725 η.
2132 656 2250 728 53.

614 782 652 817 «
716 779 826 824 ιι.
886 753 973 825 In
1032 751 1394 824 similibus
1449 752 1968 826 donationibus
2024 752 2370 826 allectivis
2435 764 2677 852 potest

506 880 548 919 ω
606 851 871 950 aliquis
897 907 914 935 ‚
950 877 1015 922 v.
1055 877 1158 948 gr.
1198 850 1538 949 praedicta
1578 850 1821 945 puella
1850 906 1868 932 .
1909 853 2481 950 acceptare‚.etsi
2525 876 2679 922 non

506 979 544 1013 >2
606 948 933 1021 intendat
965 964 1305 1047 praestare
1344 949 1545 1048 quod
1576 950 1886 1022 donator
1919 964 2199 1047 sperat,
2242 963 2414 1022 cuin
2453 949 2685 1020 dona-

508 1077 548 1116 »
606 1049 709 1119 tio
746 1049 838 1119 sit
875 1046 1251 1136 absoluta,
1311 1049 1555 1119 animo
1613 1046 2024 1138 alliciendi,
2086 1074 2233 1120 uon
2268 1046 2677 1144 obligandi.

506 1176 542 1209 »
604 1141 825 1219 Unde
856 1201 873 1229 ‚
914 1146 974 1217 si
1016 1172 1144 1243 spe
1211 1146 1601 1219 frustratus
1664 1161 1946 1244 repetat
1974 1203 1993 1234 ‚
2035 1146 2288 1218 dicens
2327 1206 2343 1231 ,
2383 1172 2459 1217 se
2518 1171 2675 1232 non

507 1274 549 1311 2>
609 1243 932 1328 dedisse,
991 1245 1131 1314 nisi
1213 1245 1348 1317 sub
1415 1244 1544 1315 tali
1608 1244 2047 1341 obligatione
2085 1302 2102 1330 ‚
2169 1270 2321 1317 non
2391 1259 2681 1316 tenetur

507 1372 548 1409 υ
606 1341 859 1441 puella
902 1341 1199 1414 credere
1251 1374 1267 1412 ε
1332 1345 1503 1439 quia
1553 1341 1639 1414 eb
1699 1343 1854 1442 ipso
1885 1398 1900 1427 ,
1937 1343 2140 1442 quod
2173 1344 2484 1416 donator
2521 1370 2676 1414 non

507 1471 550 1510 ι)
609 1441 2065 1541 expresseritconditionem‚praesumitur
2085 1441 2240 1514 sine
2256 1453 2335 1512 ea
2362 1441 2682 1526 dedisse,

506 1570 548 1608 >3
606 1554 677 1611 et
711 1555 1033 1638 repetere
1085 1541 1199 1611 vel
1259 1543 1503 1611 auimo
1551 1539 1932 1626 vindictae,
1963 1539 2079 1619 ‚vel
2121 1556 2196 1611 ut
2230 1565 2678 1612 consensum

509 1668 544 1701 ι)
608 1650 1080 1736 extorqueat,
1116 1637 1321 1711 Less,
1361 1638 1494 1710 loc.
1554 1638 1665 1710 cit.
1714 1638 2029 1735 Diamp.
2073 1665 2092 1710 ι
2133 1656 2189 1714 1.
2224 1664 2264 1709 2
2299 1666 2392 1709 m.
2432 1638 2523 1708 R.
2554 1640 2679 1730 4ο.

498 1735 505 1831 s
607 1768 646 1805 >³
718 1762 823 1807 12.
847 1736 1012 1808 Non
1046 1750 1245 1807 tenet
1271 1735 1573 1810 donatio
1605 1734 1699 1810 ob
1731 1749 2022 1816 causam
2060 1737 2536 1834 praeteritam,
2561 1734 2680 1812 vel

506 1863 542 1900 n
609 1849 1046 1933 praesentem
1062 1861 1222 1932 quae
1240 1834 1407 1907 vere
1424 1850 1794 1919 nonest‚ut
1819 1861 1856 1904 v
1886 1839 2018 1930 g.si
2035 1836 2199 1907 dem
2221 1834 2349 1905 tibi
2372 1834 2682 1931 aliquid,

506 1963 543 1998 >a
609 1935 776 2030 quia
825 1933 1024 2031 apud
1048 1934 1468 2031 Principem
1507 1959 1745 2008 meam
1773 1960 2065 2006 causam
2094 1933 2535 2029 transegisti:
2564 1929 2683 2003 vel

505 2062 550 2101 υ
612 2032 776 2129 quia
805 2059 1084 2131 pauper
1119 2056 1194 2108 es
1221 2089 1238 2121 ‚
1275 2046 1348 2104 et
1379 2036 1623 2104 revera
1665 2058 1809 2104 non
1859 2032 1955 2102 ita
1990 2047 2131 2116 θεὶς
2171 2030 2685 2102 ἱρηθτίετθεῑὶ-

506 2159 549 2199 n
611 2146 812 2202 tuere
849 2185 866 2217 ‚
902 2158 1073 2203 cum
1093 2133 1185 2202 sit
1209 2156 1413 2203 error
1443 2133 1518 2202 in
1538 2131 1820 2204 formali
1855 2157 2067 2203 causa
2093 2185 2112 2218 ,
2146 2145 2217 2201 et
2254 2128 2682 2227 principali.

507 2259 549 2297 2)
606 2229 827 2303 Unde
866 2231 992 2328 qui
1030 2232 1490 2302 mentiuntur
1528 2255 1602 2301 se
1664 2255 2019 2330 pauperes
2044 2286 2060 2318 ‚
2095 2255 2265 2300 cum
2299 2254 2449 2299 non
2491 2227 2676 2318 sint,

406 2386 413 2404 ,
509 2357 549 2395 »
610 2326 881 2400 debent
941 2328 1100 2400 aliis
1166 2327 1612 2427 pauperibus
1676 2328 2211 2425 eleemosynam
2241 2330 2676 2410 restituere.

470 2451 474 2455 ·
514 2453 553 2492 »
608 2424 833 2497 Aliud
861 2438 1012 2515 est,
1051 2426 1112 2497 si
1147 2452 1348 2498 error
1377 2428 1472 2497 sit
1517 2426 1799 2499 tantum
1833 2428 1911 2497 in
1947 2452 2161 2497 causa
2202 2421 2679 2513 secundaria5

508 2553 544 2588 n
609 2538 692 2604 ut
717 2550 783 2595 v.
825 2550 926 2620 gr.
959 2527 1019 2596 si
1057 2522 1220 2596 vere
1271 2523 1416 2596 sint
1449 2549 1799 2623 pauperes
1824 2579 1843 2608 ‚
1884 2538 1955 2594 et
1994 2522 2344 2595 simulent
2374 2525 2680 2620 insuper

508 2649 545 2687 a
607 2623 1061 2695 sanctitatem
1084 2678 1103 2711 ,
1137 2620 1227 2692 ad
1254 2621 1638 2694 hominum
1666 2622 2240 2700 misericordiam
2272 2647 2682 2719 provocari:-

509 2750 547 2785 »
612 2720 780 2791 dam
830 2748 846 2793 :
908 2721 1079 2820 quia
1148 2733 1325 2792 tunc
1385 2721 1729 2819 primaria
1792 2721 2098 2793 intentio
2168 2719 2507 2792 dantium
2567 2732 2681 2798 est

510 2848 547 2884 a
609 2818 783 2891 dare
814 2815 1144 2917 pauperi.
1184 2819 1376 2892 Bon.
1406 2818 1610 2895 Les-v,
1645 2846 1706 2893 ν.
1738 2819 1957 2891 Dian.
1991 2846 2070 2915 p.
2096 2821 2146 2900 8
2172 2833 2217 2889 t.
2249 2818 2297 2887 6
2323 2818 2417 2890 R.
2450 2823 2570 2915 892
2629 2847 2665 2890 a

609 2918 841 2991 Docet
875 2933 1118 2989 tamen
1153 2917 1358 2989 Less,
1403 2917 1449 2988 l.
1496 2943 1535 2989 2
1583 2944 1645 2992 c.
1695 2920 1777 2989 18
1808 2944 1888 2989 n.
1941 2944 2075 3017 129
2107 2915 2306 3014 quod
2335 2955 2364 3000 ,·
2387 2915 2445 2988 si
2475 2941 2682 2996 error

514 3013 608 3086 sit
639 3018 833 3087 circa
876 3043 1169 3089 causam
1215 3015 1725 3096 secundat-,iam
1755 3071 1775 3105 ‚
1830 3015 2004 3088 licet
2050 3015 2342 3088 donatio
2377 3039 2534 3086 non
2586 3014 2683 3085 sit

513 3113 717 3186 irrita
747 3170 763 3195 ‚
802 3114 895 3187 sit
950 3129 1192 3186 tamen
1248 3113 1627 3186 irritabilis
1658 3119 1698 3188 a
1754 3113 2075 3186 donante
2110 3140 2126 3195 3
2186 3110 2337 3184 imo
2367 3166 2385 3197 ‚
2422 3113 2484 3184 si
2537 3111 2681 3184 do-

425 3242 431 3247 ·
513 3214 840 3286 natarius
873 3212 965 3285 sit
1003 3239 1218 3285 causa
1254 3213 1519 3284 erroris
1551 3268 1567 3302 ,
1614 3227 1903 3285 tenetur
1935 3212 2090 3312 ipse
2120 3236 2442 3282 errorem
2471 3210 2682 3292 deter-

514 3336 680 3410 gere
713 3370 731 3396 ,
778 3311 917 3385 nisi
960 3309 1240 3383 donans
1292 3312 1390 3383 ita
1445 3312 1541 3383 sit
1591 3311 1894 3383 affectus
1934 3369 1953 3395 ‚
2003 3325 2085 3386 ut
2120 3324 2501 3392 censeatur
2528 3336 2683 3382 nou

513 3434 849 3484 revocare
903 3408 1375 3502 donationem
1426 3464 1444 3495 ‚
1518 3411 1651 3480 etsi
1711 3434 2031 3490 errorem
2090 3422 2534 3505 agnosceret.
2591 3407 2680 3481 In

517 3506 741 3581 dubio
796 3524 1034 3581 autem
1116 3509 1216 3579 ait
1269 3508 1478 3579 Less.
1529 3507 2063 3579 restituendum
2125 3532 2278 3579 esse
2333 3532 2463 3603 pro
2525 3521 2681 3582 rata

517 3606 748 3677 dubii.
784 3607 932 3686 Vid
982 3607 1185 3678 Less.
1221 3631 1316 3678 ex
1361 3632 1432 3678 n.
1486 3605 1642 3681 131.
1688 3607 1831 3682 Sed
1864 3606 2080 3681 Croix
2114 3632 2192 3680 n.
2228 3588 2322 3679 61'
2352 3603 2684 3702 adhaeret

514 3704 695 3810 Bas.
725 3730 884 3780 cum
922 3705 1081 3780 Dic.
1110 3720 1235 3779 etc.
