2950 4709
678 266 842 360 Cap.
877 266 990 337 111.
1025 268 1215 336 Dub.·
1237 266 1384 337 vn.
1414 269 1515 337 De
1546 267 2014 338 contractibus.
2347 263 2430 356 75

279 389 362 453 ut
387 376 740 458 reddatur
776 408 1083 466 novum,
1128 380 1328 481 quod
1367 406 1519 478 non
1547 381 1872 476 creditur
1913 378 2147 480 pluris
2179 377 2436 450 valitu-

276 504 442 552 rum
473 535 492 564 ‚
530 506 669 554 neo
699 481 960 553 melius
984 495 1248 554 vetere.
1283 479 1392 553 Ita
1428 479 1644 555 Salm.
1671 477 1833 552 ibid.
1864 505 2020 552 cum
2048 477 2212 549 Pal.
2243 477 2436 552 Mol.

285 575 492 649 Trull.
527 593 658 653 etc.
699 601 857 656 cum
893 579 1071 650 Bus.
1110 605 1186 648 n.
1239 606 1264 650 ι
1289 605 1349 651 1.
1705 643 1708 650 .

282 750 287 754 .
364 676 692 772 Quaestio
728 677 948 774 igitur
983 691 1130 760 est,
1171 702 1271 749 an,
1302 675 1529 774 possis
1563 689 1842 777 petere,
1874 689 1954 747 ut
1990 673 2125 748 tibi
2161 669 2437 746 redda-

280 785 398 846 tur
433 800 587 862 reS‚
618 802 838 875 quam
866 769 1019 847 non
1053 802 1128 848 es
1152 789 1603 861 servaturus,
1634 777 1712 847 in
1748 772 2002 846 eadem
2032 775 2435 871 quantitate

280 896 364 943 eo
387 886 542 944 tem
601 900 765 957 ore,
812 899 960 971 quo
995 871 1232 947 credis
1255 929 1271 956 ,
1297 899 1453 946 eam
1494 872 1722 971 pluris
1763 869 2197 944 valituram?
2228 870 2441 942 Affir-

279 973 482 1041 mant
519 899 649 1043 ,ξω
674 986 746 1043 et
767 972 944 1044 Mol.
981 973 1172 1071 apud
1186 971 1386 1050 Less.
1417 970 1487 1047 d.
1527 995 1590 1044 c.
1628 997 1717 1043 20
1749 997 1821 1045 η.
1864 971 1995 1063 154
2022 972 2119 1041 Et
2157 968 2270 1040 his
2299 966 2458 1039 ad-·

276 1064 510 1141 haeret
529 1069 680 1141 Rus
697 1064 990 1163 bz‘ci'tffr.
1011 1091 1086 1140 n,
1124 1071 1207 1141 18
1236 1070 1434 1169 quia,
1466 1082 1548 1141 ut
1571 1068 1854 1152 dicunt,
1886 1067 2039 1142 haee
2060 1081 2442 1141 estuatura

276 1167 564 1252 mutui,
603 1182 689 1240 ut
731 1193 846 1240 res
882 1168 963 1240 in
994 1166 1247 1241 eadem
1288 1168 1694 1267 quantitate
1737 1167 2131 1254 reddatur,
2168 1179 2240 1236 et
2269 1167 2444 1265 quia

262 1291 407 1363 *per
434 1265 971 1338 mutuatarium
1000 1281 1141 1339 stat
1171 1292 1264 1339 ne
1293 1292 1405 1339 res
1434 1264 1785 1339 reddatur
1829 1263 1997 1348 ante
2037 1264 2228 1337 illud
2268 1279 2444 1337 tem-

331 1389 437 1435 us,
476 1364 628 1436 Sed
663 1363 880 1437 docet
917 1363 1121 1437 Less.
1153 1363 1347 1436 hanc
1382 1365 1815 1438 sententiam
1853 1379 2029 1437 tunc
2071 1389 2223 1436 esse
2263 1388 2445 1462 pro-

276 1387 643 1552 babssem,
681 1459 852 1535 cum
897 1461 1147 1536 fuisset
1180 1460 1492 1536 dubium
1519 1517 1537 1549 ‚
1581 1489 1675 1536 an
1720 1464 2035 1562 pretium
2083 1463 2261 1535 foret
2313 1488 2445 1533 au·-

280 1559 643 1656 gendum‚
671 1558 785 1632 vel
827 1586 917 1631 an
952 1575 1031 1633 tu
1069 1554 1235 1634 rem‘
1265 1564 1621 1658 servasses
1662 1561 1861 1660 (quo
1895 1564 1968 1634 in
2013 1586 2184 1634 casu
2224 1562 2445 1633 etiam

270 1672 455 1757 puto
479 1715 500 1749 ,
541 1683 706 1731 rem
734 1656 973 1742 valore
1006 1663 1150 1755 jam
1185 1673 1468 1732 auctam
1510 1687 1679 1732 oum
1715 1660 1961 1759 aliqua
1990 1660 2445 1734 detractione

275 1754 739 1829 reddendam
778 1781 931 1828 esse
959 1811 978 1843 ‚
1019 1761 1217 1856 juxta
1259 1758 1593 1856 praedicti
1624 1757 1831 1831 dubii
1863 1758 2445 1846 aestimationem,

275 1880 367 1926 ne
413 1854 612 1977 quid
659 1880 747 1927 ex
791 1866 1047 1928 mutuo
1079 1853 1428 1928 lucreris:
1458 1857 1697 1955 posito
1746 1855 1948 1955 quod
1984 1883 2133 1946 nou
2187 1855 2447 1929 fuisses

275 1968 476 2025 certo
510 1979 679 2025 rem
712 1955 1193 2049 servaturus);
1229 1978 1399 2026 nam
1438 1953 1767 2054 alioquin
1804 1954 2000 2028 recte
2034 1954 2215 2026 dicit
2240 1955 2446 2028 Less.

279 2076 352 2123 se
381 2078 534 2124 non
563 2045 814 2122 videre
839 2108 858 2135 ,
897 2076 1043 2149 quo
1063 2056 1222 2152 jure
1255 2052 1487 2151 possis
1506 2051 1864 2151 aequalem
1881 2078 2300 2148 mensuram
2335 2077 2451 2125 re-

280 2150 550 2249 cipere.
602 2147 826 2221 Salm.
859 2147 1101 2221 autem
1129 2173 1439 2248 num.‚7o
1467 2174 1625 2223 cum
1656 2150 1844 2222 Bon.
1877 2153 2100 2242 Azor,
2134 2165 2207 2221 et
2238 2149 2451 2223 Trull.

275 2249 719 2346 praedictam
770 2250 1204 2320 sententiam
1246 2245 1705 2347 approbant,
1756 2251 1816 2320 si
1870 2249 1937 2319 vi
1972 2247 2167 2348 pacti
2215 2261 2454 2319 atten-

279 2346 490 2419 datur
543 2343 848 2417 tantum
898 2344 987 2415 ad
1037 2348 1140 2418 rei
1180 2345 1668 2419 substantiam
1703 2344 1996 2443 praecisfl
2047 2345 2459 2438 considera-
2565 2355 2568 2360 '

279 2445 469 2517 tione
524 2442 842 2530 valoris,
896 2457 968 2516 et
1024 2445 1480 2518 incrementi.
1536 2443 1678 2516 Sed
1719 2444 1874 2518 haec
1911 2446 2243 2545 praecisio
2300 2471 2456 2517 non

281 2543 484 2614 video
552 2540 945 2642 quomodo
990 2538 1185 2615 licite
1227 2544 1458 2642 possit
1515 2544 1673 2614 fieri
1702 2600 1721 2632 ,
1781 2542 2080 2643 quando
2125 2570 2244 2628 ‚res
2279 2567 2456 2616 'non

283 2640 462 2713 foret
492 2639 856 2714 servanda
896 2666 1026 2736 pro
1073 2655 1401 2739 tempore
1440 2639 1873 2714 redditionis
1900 2700 1918 2730 ,
1955 2658 2027 2713 et
2062 2640 2261 2715 certo
2285 2699 2303 2728 ,
2340 2641 2457 2714 vel

284 2737 747 2837 probabilius
774 2737 1004 2837 pluris
1043 2738 1349 2812 valitura
1386 2738 1746 2825 creditum
1784 2742 2097 2838 pretium
2127 2742 2322 2824 enim
2354 2741 2460 2814 rei

199 2881 205 2885 ·
288 2836 370 2910 de
402 2864 478 2911 se
509 2834 932 2910 necessario
970 2862 1260 2934 semper
1290 2838 1603 2936 pertinet
1630 2837 1723 2909 ad
1757 2841 1859 2910 rei
1895 2839 2404 2911 substantiam.

372 2929 690 3009 Certurn
737 2945 978 3005 autem
1021 2949 1200 3033 puto
1253 2933 1292 3008 ὲ
1348 2960 1697 3009 converso
1747 2962 1919 3008 cum
1956 2936 2177 3009 Salm.
2230 2961 2304 3006 n.
2363 2935 2461 3033 76

292 3033 526 3133 quod,
573 3035 641 3106 si
678 3030 881 3105 certo
909 3086 927 3117 ,
979 3032 1091 3105 vel
1134 3032 1614 3132 probabiliter
1640 3060 1753 3107 res
1799 3048 2125 3132 tempore
2164 3035 2461 3106 restitu-
2573 3105 2578 3108 k

290 3133 500 3205 tionis
572 3143 970 3203 censeatur
1033 3129 1280 3204 minus
1341 3132 1651 3206 valitura
1701 3189 1720 3222 ‚
1789 3136 2024 3232 possis
2099 3138 2462 3232 majorem

293 3254 717 3303 mensuram
749 3242 993 3342 petere
1021 3288 1038 3312 ‚
1073 3244 1156 3302 ut
1189 3243 1257 3301 te
1293 3256 1529 3306 serves
1569 3230 2018 3304 indemnem.

377 3329 561 3402 Haec
588 3325 824 3399 dubia
863 3339 1104 3399 tamen
1140 3327 1386 3400 locum
1419 3328 1698 3401 habent
1721 3385 1738 3413 ‚
1773 3327 2073 3428 quando
2104 3327 2478 3424 cogitatur.

291 3437 356 3497 et
391 3426 733 3500 creditur
761 3450 875 3498 res
912 3423 1146 3521 pluris
1179 3424 1513 3503 valitura.
1539 3427 1612 3499 Si
1643 3425 1815 3500 vero
1849 3427 2038 3502 bona
2078 3426 2218 3514 fide
2251 3427 2463 3501 nulla

293 3522 659 3599 habeatur
689 3519 1178 3596 consideratio
1208 3520 1298 3595 de
1325 3525 1778 3598 incremento
1797 3582 1814 3614 ,
1842 3523 1956 3596 vel
1979 3522 2461 3613 decremento

292 3625 390 3695 rei
416 3650 434 3709 3
464 3621 668 3696 bene
702 3621 974 3722 poteris
1003 3620 1319 3720 pacisci,
1354 3638 1433 3696 ut
1477 3648 1586 3696 res
1640 3616 1719 3695 in
1764 3620 2019 3695 eadem
2060 3622 2465 3719 quantitate

293 3720 418 3793 tibi
459 3720 852 3794 reddaturss
888 3714 993 3791 Ita
1036 3720 1237 3796 LeSS.
1270 3748 1334 3794 c.
1392 3746 1498 3795 :zo-
1523 3748 1594 3791 n.
1641 3722 1775 3819 ¹49
1810 3721 1907 3793 P.
1955 3719 2165 3791 Cone.
2202 3722 2244 3789 Ι.
2280 3747 2342 3792 c.
2377 3751 2465 3797 ac

295 3817 537 3917 Laym.
569 3834 712 3892 etc.
753 3842 914 3906 cum*
941 3818 1152 3890 Salm.
1186 3842 1260 3896 n.
1312 3843 1430 3917 72.
1471 3819 1633 3894 Hoc
1664 3832 1900 3889 tamen
1942 3842 2090 3887 non
2125 3815 2273 3888 dici
2299 3845 2467 3916 pos-

294 3932 363 3987 se
389 3916 477 3990 de
512 3932 787 3989 mutuo
825 3917 1153 4012 pecuniae
1181 3969 1199 4000 ,
1233 3931 1486 3989 tenent
1510 3915 1701 3987 Salm
1740 3942 1813 3988 n.
1846 3916 1936 4014 73
1968 3938 2120 3985 cum
2145 3913 2244 3986 Sa
2266 3969 2287 4002 ‚
2325 3917 2479 3990 Pal

299 4012 503 4088 Trull.
552 4016 720 4087 Tol.
764 4026 892 4083 ete.
985 4014 1099 4084 uia
1133 4014 1207 4083 in
1261 4011 1568 4113 pecunia
1611 4011 2117 4125 principaliter
2154 4014 2471 4089 attendi-

298 4123 410 4189 tur-
437 4114 679 4204 valor.
715 4109 864 4186 Sed
964 4136 1116 4186 zor.
1151 4110 1340 4186 Nau.
1375 4123 1454 4192 et
1497 4110 1619 4183 alic
1657 4112 1854 4208 apud
1880 4106 2075 4186 eosd.
2123 4104 2344 4199 Salm.
2388 4141 2467 4186 n.
