2950 4709
629 222 768 299 280
857 227 937 294 L.
970 226 1087 301 111.
1113 225 1331 294 Truet.
1361 224 1482 294 VI.
1514 224 1617 293 De
1647 222 1799 294 Oct.
1833 224 2030 293 Praec.
2064 238 2132 293 et
2158 224 2346 295 Praer..
2380 223 2539 292 Eccl.

626 336 777 413 sive
819 338 1211 438 suspendit
1247 336 1770 436 obligationem
1818 334 2259 411 resarciendi
2303 329 2706 409 famam-alte-

625 439 783 513 rius
811 490 831 524 ‚
864 435 1285 535 usquedum
1321 435 1448 510 ille
1477 434 1612 509 tibi
1651 435 1921 509 famam
1953 434 2301 509 restituat.

722 535 878 609 Nec
914 533 1153 607 obs-tat
1187 534 1434 608 dicere
1471 560 1645 608 cum
1678 532 1905 632 lugo,
1950 533 2187 633 quod,
2221 535 2282 606 si
2314 555 2544 632 posses
2582 526 2709 600 reti·

625 657 803 711 nere
828 633 1099 706 famam
1129 631 1429 707 alterius
1458 658 1632 706 eum
1683 631 1883 705 illius
1919 629 2225 722 dammi,
2279 655 2517 730 posses
2548 628 2708 699 etiam

624 724 899 805 famam
941 731 1050 804 illi
1093 731 1351 805 tollere
1380 786 1401 816 ‚
1462 729 1668 830 quod
1717 755 1936 803 nemo
1984 744 2180 803 certe
2218 728 2547 801 admittit.
2564 722 2713 796 Nam

626 827 1186 928 respondemus,
1214 829 1418 902 aliud
1450 853 1608 902 esse
1640 828 1995 902 damnum
2023 828 2289 902 inferre
2312 885 2331 915 ‚
2366 823 2556 898 aliud
2574 819 2716 894 illud

625 928 1087 1029 permitterm
1148 926 1351 1001 aliud
1409 928 1603 1000 enim
1668 941 1778 1000 est
1824 926 2126 1026 positive
2182 926 2461 999 auferre
2513 922 2714 993 famam

626 1027 984 1129 proximi,
1024 1024 1232 1099 aliud
1255 1026 1591 1099 omittere
1618 1024 1889 1099 famam
1923 1025 1986 1099 ei
2021 1026 2439 1112 restituere,
2475 1034 2541 1092 et
2565 1042 2713 1114 nega·

625 1120 771 1198 tive
816 1150 890 1199 se
939 1123 1247 1213 habere;
1294 1126 1469 1223 quia
1516 1150 1650 1225 pro
1689 1124 1803 1197 his
1842 1122 2132 1197 duobus
2173 1123 2468 1196 diversis
2504 1115 2751 1190 actibus¹

630 1220 912 1297 diversa
936 1224 1261 1297 occurrit
1295 1224 1477 1295 ratio
1509 1252 1528 1293 ε
1559 1222 1848 1295 Tollere
1876 1221 2146 1295 famam
2177 1221 2470 1293 alterius
2497 1271 2513 1300 ,
2548 1214 2720 1313 quite

627 1320 1049 1405 infamavit,
1088 1323 1344 1418 utique
1376 1320 1515 1395 tibi
1565 1347 1717 1394 non
1767 1321 1972 1407 lieet,
2029 1324 2199 1420 quia
2248 1316 2535 1391 infamia
2573 1310 2722 1385 illius

625 1440 782 1492 non
823 1434 1111 1519 reparat
1145 1419 1504 1491 damnum
1552 1419 1874 1493 infamiae
1925 1435 2115 1507 tuae;
2162 1418 2494 1505 omittere
2538 1424 2727 1483 autem

629 1517 902 1605 famam
930 1515 1140 1590 alteri
1168 1517 1549 1590 restituere
1570 1571 1586 1602 ,
1623 1516 1913 1590 licitum
1936 1533 2076 1603 est,
2112 1516 2168 1588 si
2203 1520 2471 1615 justam
2497 1531 2729 1586 causam

630 1613 900 1687 habeas
914 1613 992 1687 id
1006 1615 1619 1714 omittendi;justa
1642 1641 1854 1688 causa
1877 1630 1981 1699 est
2003 1615 2149 1703 hic,
2164 1629 2248 1687 ut
2264 1614 2591 1689 diximus,
2606 1604 2732 1704 quia

628 1730 783 1789 non
813 1712 1085 1811 teneris
1117 1712 1425 1787 reddere
1463 1717 1578 1810 jus
1608 1710 1817 1798 alteri
1854 1713 2220 1795 debitum,
2266 1713 2498 1783 donec
2518 1706 2628 1780 ille
2652 1708 2731 1800 jus

632 1808 965 1882 debitum
997 1809 1133 1884 tibi
1159 1811 1445 1884 reddat.
1475 1811 1859 1896 Praeterea,
1895 1810 2168 1884 ablatio
2197 1809 2413 1882 famae
2443 1808 2528 1880 de
2554 1829 2619 1876 se
2648 1825 2734 1900 po·

632 1905 842 1982 sitive
875 1924 949 1983 et
976 1909 1484 2008 principaliter
1522 1909 1760 1982 tendit
1793 1911 1887 1982 ad
1926 1909 2281 1982 damnum
2330 1904 2652 2005 proximi3
2684 1910 2743 1969 et*

631 2004 804 2083 ideb
841 2020 949 2080 est
1002 2007 1395 2082 intrinsece
1438 2006 1669 2099 mala;
1704 2010 1804 2080 Et
1836 2009 2164 2107 quamvis
2215 2005 2293 2077 id
2351 2006 2623 2083 facere3‚
2678 2007 2735 2068 nt

632 2104 823 2181 alter
849 2104 953 2178 sic
981 2121 1397 2180 moveretur
1416 2107 1514 2179 ad
1538 2107 2062 2181 restituendam
2089 2106 2362 2177 famam
2388 2118 2576 2175 tuam
2593 2153 2609 2184 ‚
2632 2095 2731 2167 hoc

630 2216 878 2278 tamen
911 2232 1061 2278 non
1099 2220 1339 2305 potest
1367 2204 1674 2280 reddere
1705 2202 1980 2278 licitam
2006 2219 2213 2278 tuam
2241 2200 2731 2274 detractionem.

634 2300 812 2375 c‘um
870 2303 1017 2377 tale
1065 2303 1415 2376 medium.
1445 2329 1597 2377 non
1644 2303 1739 2375 sit
1786 2329 1916 2403 per
1961 2328 2039 2376 se
2081 2316 2342 2403 aptum
2390 2299 2484 2374 ad
2529 2299 2733 2404 fama-m
2822 2324 2828 2445 1

638 2412 842 2472 tuam
886 2400 1394 2500 reparandam.
1426 2400 1594 2475 Non
1630 2402 1735 2474 sie
1769 2401 1846 2473 in
1866 2403 2262 2476 omissione
2301 2397 2738 2476 restitutionis,

638 2496 812 2595 quia
849 2497 1006 2571 haec
1043 2500 1336 2572 omissio
1364 2525 1531 2573 non·
1552 2497 1790 2572 tendit
1812 2499 1905 2572 de
1929 2524 2005 2572 se
2036 2500 2131 2572 ad
2163 2497 2444 2573 malum
2470 2493 2737 2596 proximo

638 2595 1147 2682 inferendum,
1177 2596 1309 2674 sed
1337 2596 1624 2671 tantum
1655 2597 1751 2670 ad
1782 2597 2226 2671 servandum
2260 2612 2333 2670 te
2361 2597 2736 2671 indemnem.

639 2716 735 2769 ne
764 2691 1107 2808 obliger-is
1145 2694 1415 2771 famam
1445 2697 1825 2777 restituere
1859 2695 2104 2784 alteri,
2136 2696 2265 2796 qui
2296 2696 2563 2770 famam
2593 2705 2740 2762 tuam

641 2804 890 2869 renuit
920 2795 1324 2871 restituere.
2826 2868 2827 2881 ἢ

396 2918 406 2930 ·
490 2925 629 2974 ιοοο
741 2890 1132 2982 Quaeritur.
1184 2891 1278 2966 H.
1331 2891 1480 2982 An,
1595 2889 1842 2969 uandb
1886 2892 2247 2966 restitutio
2288 2892 2502 2965 famae
2535 2890 2609 2961 fit
2645 2881 2741 2952 im·

643 2984 1046 3088 possibilis,
1073 3003 1408 3071 teneatur
1432 2918 1849 3065 difiinnator
1875 2990 2253 3064 infamiam
2273 2987 2593 3091 pecuniis
2607 3000 2743 3054 com·

640 3089 996 3182 pensare?
1012 3088 1259 3163 Prima
1280 3089 1636 3163 sententia
1666 3087 2071 3190 probabilis
2093 3085 2744 3188 affirmatquifficum

635 3184 831 3259 sama
854 3187 948 3258 sit
968 3186 1203 3285 pretio
1220 3186 1695 3277 aestimabilis,
1725 3185 1947 3260 debet
1976 3189 2431 3288 compensari
2466 3173 2741 3286 pecunifi·

638 3284 701 3355 si
729 3284 948 3357 aliter
972 3285 1305 3358 resarciri
1339 3301 1675 3384 nequeat.
1698 3286 1802 3357 Ita
1828 3283 2593 3380 Sylv.Led.Sot.At-ag.
2615 3276 2670 3349 T
2661 3296 2738 3367 ap·

641 3380 928 3454 Com‘rr.
955 3399 1084 3455 etc.
1111 3411 1227 3480 ap.
1256 3381 1572 3455 Salm.de
1604 3386 1802 3456 Rest.
1824 3408 1886 3457 c,
1917 3386 1963 3477 4
2000 3410 2192 3457 num.
2232 3386 2353 3477 141
2395 3383 2486 3457 Ei
2516 3376 2744 3481 videtut

636 3475 840 3554 εἰπὲ
877 3480 1068 3553 hanc
1120 3478 1362 3554 tenere
1396 3479 1469 3554 S.
1520 3480 1776 3554 Thom.
1810 3509 1852 3556 2
1892 3508 1935 3556 2
1971 3508 2038 3579 q.
2067 3481 2164 3554 62
2199 3496 2332 3554 art.
2371 3507 2412 3553 2
2442 3476 2561 3552 'ad
2589 3501 2622 3547 2
2650 3465 2745 3541 ubi

638 3574 865 3651 dicit:
903 3579 978 3650 V
968 3578 1122 3650 elsi
1142 3603 1286 3652 non
1303 3578 1539 3676 possit
1532 3578 1835 3673 famam
1877 3580 2229 3651 restituere
2250 3638 2272 3668 ,
2296 3577 2498 3652 debet
2516 3573 2585 3647 ei
2595 3567 2748 3643 aliter

636 3698 1191 3773 recompensare,
1208 3675 1385 3748 sicut
1394 3677 1549 3749 etin
1572 3676 1731 3749 alzi's
1752 3678 2006 3750 dictum
2030 3678 2444 3760 est,scilieet
2463 3661 2745 3773 pecunia,

641 3784 727 3845 ut
757 3771 832 3843 in
860 3772 1224 3846 solutione
1261 3774 1352 3845 ad
1397 3802 1453 3848 ι.
1499 3779 1644 3875 jam
1674 3775 1976 3848 dixerat.
2008 3773 2332 3848 Secundo
2359 3790 2591 3848 tamen
2611 3783 2743 3935 ἔνθ’

639 3866 963 3944 habilior
992 3874 1344 3949 sententia
1383 3888 1595 3971 negat
1622 3932 1640 3959 ,
1693 3873 2171 3975 quia‘justitia
2206 3872 2490 3947 tautum
2521 3866 2609 3944 ob
2638 3865 2750 3971 igfft·

644 3964 738 4037 ad
765 3968 1225 4042 reddendum
1270 3971 1625 4058 ablatum,
1661 3971 1776 4044 vel
1813 3971 2297 4072 aequivalens,
2331 3970 2457 4044 sed
2493 3975 2742 4067 pecuffla

631 4090 795 4159 ,pon
826 4081 935 4140 est
969 4069 1086 4153 id,
1120 4070 1322 4166 quod
1355 4095 1490 4171 per
1532 4070 2061 4159 detractionem
2094 4069 2419 4147 ablatum
2452 4081 2594 4166 est,
2639 4075 2754 4131 nee
