2950 4709
427 263 514 338 28
698 270 845 337 Lib.
865 236 981 337 111.
1002 270 1220 344 Tract.
1240 270 1329 340 V.
1349 271 1449 337 De
1466 269 1753 364 Septimo
1770 270 2089 361 Praecepto
2105 265 2327 340 Decal.

428 398 584 457 mat
618 380 886 458 Sanch.
928 386 1091 456 eod.
1141 385 1275 459 loc.
1326 411 1398 458 n.
1443 388 1493 460 6
1535 410 1694 456 cum
1747 384 1930 456 Mol.
1976 385 2182 456 Suar.
2226 372 2636 469 Tt'raqueII„

432 482 719 556 Covarr.
748 500 879 556 etc.
908 484 1077 582 quia
1106 483 1338 556 haeres
1368 498 1834 583 repraesentat
1862 508 2253 585 personam
2277 476 2603 572 defunc-

428 581 515 651 ti.
552 581 830 680 Negant
864 596 1107 654 tamen
1157 577 1615 680 probabilius
1653 577 1865 676 less.
1899 583 1951 654 l.
1991 608 2032 654 2
2063 609 2150 654 cf
2181 583 2265 651 18
2293 603 2365 651 n.
2407 575 2498 647 35
2525 585 2607 642 et

427 677 649 754 Salm.
675 709 738 754 c.
777 685 824 775 4
854 707 931 751 n.
977 683 1069 780 74
1101 706 1258 754 cum
1297 681 1462 755 Pal.
1501 697 1575 753 et
1600 680 1868 752 Rebell.
1907 681 2094 773 Quia
2144 679 2378 752 haeres
2418 697 2605 744 suc-

431 776 628 848 cedit
691 781 768 852 in
841 784 999 876 jura
1061 778 1280 852 realia
1352 779 1734 864 defuncti,
1803 806 1954 852 non
2023 793 2269 854 autem
2348 796 2605 875 perso-

426 874 667 966 nalia,
706 893 787 950 ut
844 893 952 949 est
1006 884 1119 975 jus
1179 880 1612 979 acceptandi
1668 877 2174 951 donationem.
2237 868 2610 948 Concedit

430 987 677 1076 tamen
715 977 917 1050 LesS.
942 977 1104 1052 dict.
1127 980 1259 1050 loc.
1300 977 1545 1080 quod,
1579 978 1636 1050 si
1678 977 1914 1073 haeres
1946 978 2040 1056 sit
2075 973 2275 1047 fitius
2297 974 2612 1048 donata·

427 1073 566 1163 rii,
613 1101 699 1148 ex
741 1078 1083 1174 aequitate
1122 1092 1366 1175 posset
1398 1092 1780 1175 acceptare
1806 1133 1826 1167 ,
1869 1101 2044 1148 cum
2102 1072 2268 1146 talis
2321 1093 2610 1172 praesu-

430 1172 699 1246 menda
738 1188 914 1246 tunc
941 1176 1032 1246 sit
1066 1202 1272 1247 mens
1313 1175 1714 1247 donatoris,

318 1266 415 1334 '73²
491 1339 499 1347 .
543 1303 577 1335 «ι
628 1272 698 1343 8.
748 1273 909 1344 Etsi
949 1288 1281 1372 acceptes
1321 1265 1794 1350 donationem
1835 1270 2247 1360 verbalem,
2284 1270 2427 1367 qua
2462 1261 2612 1342 tibi

366 1437 371 1440 .
430 1399 473 1439 »
529 1370 751 1465 Caius
790 1396 858 1441 v.
903 1398 1006 1469 gr.
1042 1371 1167 1443 dat
1195 1398 1466 1471 equum
1500 1369 1879 1443 absentem
1907 1394 1925 1458 ;
1949 1396 2108 1444 <non
2139 1368 2455 1466 acquiris
2481 1368 2609 1460 jus

430 1498 472 1539 »
531 1470 608 1539 in
642 1494 719 1540 re
751 1523 770 1554 ,
810 1483 885 1541 et
916 1468 1329 1543 dominium
1376 1472 1549 1570 equi
1596 1467 1763 1541 ante
1806 1469 2296 1542 traditionem.
2328 1459 2556 1546 Unde
2581 1517 2611 1546 ,

430 1598 473 1637 >›
532 1569 591 1638 si
625 1569 899 1640 interea
931 1568 1150 1667 Cajus
1187 1569 1352 1658 det,
1396 1583 1521 1641 aut
1565 1568 1837 1640 vendat
1876 1592 2043 1654 eum
2079 1564 2287 1637 alteri
2322 1616 2339 1645 ‚
2387 1563 2615 1657 eique

432 1695 474 1734 2>
532 1663 774 1737 tradat
802 1722 819 1752 ‚
861 1668 918 1737 is
954 1665 1384 1740 dominium·
1415 1666 1730 1767 acquirit
1761 1691 1779 1755 ;
1815 1680 1890 1737 tu
1937 1679 2177 1736 autem
2222 1660 2447 1734 habes
2481 1683 2615 1730 ac-

434 1793 475 1832 »
537 1765 813 1835 tionem
865 1763 941 1835 in
995 1765 1258 1863 Caium
1309 1792 1443 1865 pro
1491 1764 1762 1862 injuria
1808 1764 2088 1835 ratione
2126 1761 2344 1861 juriS‚
2398 1752 2618 1855 quod

429 1892 468 1927 »
535 1858 862 1933 habebas
902 1862 992 1934 ad
1035 1889 1221 1960 remr
1250 1864 1348 1937 At
1395 1865 1501 1936 sic
1535 1861 1834 1934 donatio
1871 1859 2052 1961 pure
2090 1855 2395 1931 verbalis
2435 1851 2617 1925 ante
2677 1949 2687 1957 ·

433 1990 476 2028 ³>
536 1959 807 2034 realem
832 2017 850 2043 ,
891 1958 1035 2033 hoc
1076 1977 1184 2035 est
1212 1964 1318 2035 rei
1361 1960 1830 2034 traditionem
1860 2015 1879 2046 ‚
1922 1960 2034 2032 vix
2066 1956 2311 2036 differt
2355 1960 2391 2027 a
2423 1978 2622 2053 pro-

435 2088 476 2126 »
534 2058 881 2132 missione
906 2115 923 2144 ,
962 2073 1044 2132 ut
1084 2060 1283 2133 Less.
1315 2060 1447 2133 loc.
1481 2060 1594 2131 cit.
1631 2058 1792 2132 dub.
1836 2084 1903 2130 2.

325 2156 421 2225 733
537 2188 572 2222 u
631 2182 702 2255 9.
728 2158 1081 2244 Donatio,
1106 2160 1212 2231 uti
1230 2172 1303 2231 et
1331 2158 1661 2232 remissio
1681 2150 2617 2251 debitorumliquidorum‚

434 2286 472 2321 n
536 2258 684 2327 una
713 2258 868 2327 vice
903 2271 976 2329 et
1005 2282 1153 2329 uno
1187 2257 1410 2329 animi
1446 2270 1649 2329 motu
1674 2311 1693 2345 ‚
1722 2256 1885 2338 uni,
1916 2267 2041 2325 aut
2076 2248 2417 2351 pluribus
2452 2246 2625 2317 fac-

436 2384 479 2424 »
537 2367 610 2425 ta
639 2409 660 2441 ,
722 2352 914 2425 ultra
968 2373 1332 2427 summam
1392 2354 1535 2428 5ὀο
1593 2352 2000 2426 solidorum
2037 2357 2066 2438 (
2151 2374 2257 2421 uae
2321 2370 2626 2419 summa

438 2481 481 2521 >³
540 2446 764 2522 hodie
791 2451 905 2522 ad*
925 2462 1064 2547 7o'o
1090 2452 1204 2523 vel
1238 2450 1649 2526 secundum
1684 2449 2041 2550 quosdam
2066 2475 2105 2519 a
2183 2449 2326 2518 800
2353 2467 2623 2515 aureos

439 2577 482 2618 >›
539 2547 832 2620 Italicos
867 2551 1223 2638 excurrit,
1263 2564 1343 2622 ut
1367 2575 1467 2640 ex,
1489 2548 1706 2621 Claro
1736 2604 1755 2637 ,
1789 2562 1924 2620 etc.
1969 2559 2176 2618 notat
2211 2544 2468 2641 Laym.
2497 2541 2547 2611 l.
2576 2539 2628 2612 3

440 2676 480 2711 n
536 2661 626 2718 tr.
661 2647 706 2737 4
737 2668 805 2717 c.
855 2674 877 2717 1
898 2673 936 2718 2
972 2673 1045 2722 n.
1096 2646 1176 2720 15
1201 2650 1228 2741 )
1258 2674 1409 2719 non
1441 2662 1642 2719 tenet
1670 2644 1915 2745 quoad
1946 2644 2151 2716 hunc
2185 2661 2573 2714 excessum
2600 2693 2624 2723 ‚

439 2773 484 2812 υ
539 2742 671 2815 sed
708 2743 862 2838 lege
896 2746 993 2817 ita
1022 2758 1411 2829 statuente,
1444 2743 1544 2818 oh
1580 2769 1975 2817 commune
1999 2742 2331 2823 bonum,
2375 2751 2634 2836 potest:

442 2871 486 2910 2>
545 2845 581 2912 a
625 2840 976 2914 donatore
1010 2869 1156 2944 'pro
1208 2843 1507 2915 arbitrio
1544 2842 1804 2938 repeti.
1853 2841 2131 2938 Excipe
2185 2838 2325 2909 nisi
2365 2835 2631 2908 Judici

442 2969 484 3007 ³>
545 2936 839 3011 donatio
869 2965 950 3010 ea
973 2940 1333 3013 insinuata
1367 2943 1495 3029 sit,
1532 2954 1657 3012 aut
1689 2946 2099 3036 juramento
2128 2937 2414 3008 firmata
2442 2990 2463 3022 ‚
2496 2948 2637 3008 aut

442 3066 481 3101 n
541 3036 734 3107 facta
764 3036 859 3110 ad
895 3037 1047 3135 pias
1078 3065 1362 3123 causas,
1393 3052 1520 3109 aut
1558 3037 1652 3109 ad
1682 3036 2267 3135 redemptionem
2304 3032 2633 3130 captivo·

441 3166 479 3201 a
543 3158 758 3215 rum,
807 3149 934 3207 aut
990 3133 1081 3206 ad
1134 3137 1668 3236 reparationem
1731 3132 2003 3205 aedium
2052 3129 2448 3218 incendio,
2506 3128 2635 3202 vel

336 3272 343 3283 ·
444 3262 485 3300 2>
545 3230 757 3303 ruina
796 3232 1378 3323 destructarum,
1409 3247 1536 3305 ant
1568 3235 1662 3304 sit
1717 3229 2291 3306 remuneratoria
2346 3227 2635 3300 benefi-

427 3359 482 3425 Ι»
545 3332 1024 3422 οἰοτιιω,,ειιιῑ
1052 3332 1174 3402 fiat
1201 3333 1274 3403 in
1313 3329 1976 3416 remunerationem
2013 3328 2324 3424 jurium,
2358 3325 2639 3400 saltem

447 3456 488 3494 υ
545 3442 1004 3525 speratorum
1039 3483 1060 3518 ,
1096 3427 1212 3500 vel
1251 3428 1570 3528 denique
1598 3429 1722 3499 fiat
1750 3424 2111 3508 militibus
2139 3429 2185 3506 ‘a
2219 3422 2406 3526 beili
2437 3423 2641 3496 duce

448 3552 489 3591 >>
547 3548 632 3595 ex
668 3524 881 3599 bonis
940 3525 1256 3624 propriis
1299 3523 1697 3600 mobilibus
1728 3579 1746 3612 ,
1785 3522 1900 3594 vel
1953 3524 2275 3600 hostium
2332 3521 2633 3618 spoliis·

447 3648 491 3687 ))
549 3618 740 3691 Vide
772 3623 977 3695 Less.
1008 3625 1055 3695 l.
1083 3651 1145 3696 c.
1168 3624 1215 3693 l.
1251 3648 1291 3693 2
1315 3651 1380 3698 c.
1423 3626 1507 3695 18
1535 3646 1608 3692 n.
1648 3645 1802 3693 102.
1827 3621 2079 3716 Laym.
2105 3619 2155 3692 l.
2198 3619 2242 3690 3
2273 3635 2327 3691 t.
2360 3621 2409 3711 4
2442 3642 2507 3690 c,
2548 3648 2573 3693 1
2596 3646 2639 3692 2

451 3745 492 3784 >1
550 3743 622 3788 η.
673 3718 778 3789 15.
815 3719 1121 3792 Tanner.
1144 3718 1210 3790 d.
1244 3721 1293 3794 6
1318 3723 1403 3793 de
1429 3719 1623 3789 Just.
1652 3744 1717 3816 q.
1751 3744 1791 3804 ᾳ
1823 3716 1982 3789 dub.
2018 3742 2059 3788 2
2090 3741 2162 3786 n.
2202 3716 2285 3810 ,¹5
2311 3740 2413 3787 ex
2443 3718 2643 3790 Mol.

453 3842 487 3877 n
554 3813 800 3900 Claro,
835 3816 1125 3909 Rebello
1155 3871 1172 3900 ‚
1204 3833 1333 3890 etc.
1370 3814 1596 3913 quare
1631 3815 1942 3914 ,situnc
1970 3826 2350 3908 repetatur
2374 3869 2393 3895 ,
2425 3813 2648 3913 quod

453 3940 488 3975 n
555 3910 828 4010 absque
856 3912 939 3983 iis
968 3914 1549 3996 conditionibu8‚
1582 3912 1702 3985 vel
1735 3910 1920 3983 ultra
1949 3907 2221 3980 dictam
2258 3937 2646 3990 summam

453 4039 491 4072 w
555 4008 811 4085 datum
862 4025 1016 4104 est,
1060 4025 1360 4098 tenetur
1409 4010 1849 4097 donatarius·
1883 4003 2194 4098 reddere
2254 4010 2448 4107 ipsi,
2510 4026 2651 4084 aut

458 4133 499 4174 κ
554 4104 976 4205 Ιιωτεᾴἰξῃιε
1003 4110 1547 4209 repetentibuffi
1589 4111 1655 4198 §i
1696 4132 1849 4197 non
1885 4116 2272 4201 ‚repetatur
2301 4157 2321 4196 ,
2383 4124 2682 4208 potest:-
