2950 4709
439 247 524 318 38
706 250 851 318 Lib.
870 251 985 319 111.
1006 250 1222 321 Tract.
1242 253 1330 323 V.
1349 252 1450 321 De
1466 251 1751 345 Septimo
1767 252 2087 345 Praecepto
2102 253 2326 322 Demi.

435 361 654 435 situle
672 365 1050 461 periculum
1078 366 1147 434 in
1164 390 1246 434 se
1267 389 1409 435 non
1427 378 1764 450 sumeret,
1787 369 1966 437 certa?
1981 380 2148 436 tunc
2162 390 2305 453 non
2318 363 2590 459 pascal.

536 462 742 533 Circa
773 476 1014 533 autem
1032 463 1321 534 Montes
1339 460 1661 550 Pietatis,
1692 487 1879 562 quos
1898 464 2233 535 meminit
2249 461 2587 535 Busemb.

435 584 609 631 mox
676 587 753 632 su
769 566 891 658 pra
922 618 940 647 ,
990 560 1516 633 advertendum
1568 558 1702 631 hos
1763 559 2204 659 approbatos
2269 560 2492 633 fuisse
2549 562 2593 630 ἡ

433 657 764 730 Concilio
785 660 882 729 La
894 660 1250 731 teranensi
1272 656 1411 730 sub
1434 661 1678 730 Leone
1697 660 1767 731 X
1790 658 1931 731 sub
1949 657 2087 732 hac
2115 659 2589 731 limitatione:

440 785 482 821 «
532 757 942 850 (Concedit
976 756 1260 828 tantum
1308 757 1794 828 accessionem
1824 756 1917 829 ad
1963 757 2157 831 solas
2208 759 2595 829 ministro-

429 883 472 925 >›
531 881 695 925 rum
726 880 1105 951 expensas,
1139 870 1205 924 et
1236 853 1540 927 aliarum
1573 881 1818 926 rerum
1846 854 1939 927 ad
1962 855 2602 929 illorum‘conser-

428 983 471 1021 »
530 956 1008 1043 vationem,ut
1037 952 1443 1054 praefertur‚
1518 954 1987 1028 ertinentium
2017 979 2150 1053 pro
2183 979 2437 1026 eorum
2472 955 2596 1025 in·-

429 1082 468 1118 n
533 1051 925 1123 demnitate
995 1051 1369 1124 dumtaxat
1413 1079 1459 1123 u
1500 1057 1603 1123 tra
1658 1065 1924 1125 sortem
1956 1106 1974 1137 ‚
2041 1052 2317 1151 absque
2373 1051 2590 1123 lucro

432 1153 474 1218 >5
533 1150 961 1224 eorumdem
997 1150 1358 1224 Montium
1379 1149 1428 1246 )
1472 1182 1507 1214 ι·
1573 1149 1767 1223 Hinc
1810 1150 2199 1222 advertunt
2245 1150 2344 1220 P.
2388 1150 2593 1221 Con-

426 1246 591 1318 cina
629 1261 676 1319 t.
723 1274 866 1346 7p.
918 1250 1050 1324 581
1099 1273 1172 1321 n.
1208 1252 1254 1342 4
1298 1264 1371 1320 et
1422 1248 1682 1320 Toum.
1712 1262 1757 1317 t.
1811 1274 1833 1321 1
1882 1275 1964 1344 p.
2005 1248 2172 1321 521.
2212 1246 2458 1348 quod,
2503 1260 2597 1320 ut

429 1342 629 1417 licite
663 1348 838 1420 tales
871 1348 1152 1420 Montes
1190 1347 1561 1445 erigantur
1589 1399 1608 1430 ‚
1644 1359 1790 1418 tres
1835 1343 2291 1419 conditiones
2333 1343 2597 1443 requi-

428 1457 733 1515 rantur:
774 1446 830 1517 1.
883 1446 988 1517 Ut
1027 1448 1333 1545 pecunia
1384 1442 1717 1516 tradatur
1769 1444 2213 1543 pauperibus
2260 1445 2450 1515 intra
2486 1441 2596 1515 li-

426 1543 685 1613 mitem
754 1556 970 1615 certae
1043 1566 1350 1616 summae
1384 1597 1403 1626 ,
1483 1567 1619 1640 pro
1701 1555 2028 1640 tempore
2103 1542 2597 1614 determinato

427 1638 920 1714 restituendae.
957 1640 1047 1713 II.
1088 1642 1194 1713 Ut
1226 1641 1491 1741 pignus
1528 1644 1564 1711 a
1604 1638 2061 1712 debitoribus
2099 1639 2530 1713 exhibeatur
2562 1694 2589 1728 ,

428 1736 771 1837 illudque
799 1737 1259 1811 custodiatur
1276 1744 1312 1810 a
1338 1738 1725 1828 ministris,
1757 1753 1829 1810 et
1854 1753 2187 1838 tempore
2216 1738 2592 1838 praefinito

427 1836 792 1909 vendatur
834 1835 973 1908 sub
1031 1836 1267 1923 hasta,
1318 1862 1403 1909 ac
1442 1851 1721 1908 retento
1762 1838 1996 1936 pretio
2030 1891 2050 1923 ,
2099 1835 2301 1936 quod
2351 1834 2594 1907 Menti

425 1931 778 2023 debetur,
821 1933 1193 2034 reliquum
1234 1937 1656 2008 restituatur
1698 1936 2013 2010 Domino
2065 1933 2423 2031 pignoris,
2467 1931 2593 2004 vel

527 2032 919 2131 uperibus‚
958 2038 1017 2105 si
1073 2034 1194 2107 hic
1232 2034 1543 2107 inveniri
1591 2036 1886 2133 nequit;
1934 2033 2044 2105 vel
2075 2037 2295 2105 etiam
2346 2029 2596 2103 eidem

421 2056 664 2206 §fonti
697 2187 716 2216 ,
770 2146 851 2204 ut
888 2133 988 2205 ait
1041 2132 1431 2230 Roncaglia
1480 2132 1569 2202 de
1623 2131 1829 2205 Usar.
1869 2148 2110 2229 quoest.
2143 2131 2215 2203 ·3
2258 2129 2330 2200 in
2352 2129 2523 2226 fine
2557 2158 2588 2200 .-

423 2229 647 2321 Quod
683 2233 900 2302 etiam
947 2228 1265 2302 admittit
1300 2231 1612 2302 concina
1652 2254 1728 2324 p.
1770 2229 1909 2301 382
1948 2253 2019 2302 n.
2062 2230 2107 2303 5
2152 2230 2209 2300 si
2254 2230 2462 2302 Mons
2493 2226 2595 2300 sit

421 2352 712 2429 pauper
734 2385 749 2410 ‚
797 2342 871 2400 et
904 2344 1279 2425 prematur
1314 2328 1742 2400 necessitate
1775 2324 2253 2400 succurrendi
2297 2347 2628 2424 paupe-⁴·

426 2425 634 2497 ribus
659 2479 678 2512 ‚
717 2440 800 2498 ut
837 2438 1357 2499 concesserunt
1393 2425 1768 2524 aliquibus
1821 2424 2191 2499 Montibus
2237 2422 2592 2496 Sixtus-V'

427 2536 503 2595 et
529 2521 869 2596 Clemens
892 2521 991 2598 X.
1022 2524 1162 2595 Hic
1193 2538 1432 2598 autem
1461 2522 1869 2596 notandum
1905 2549 2075 2595 cum
2109 2521 2421 2594 Concina
2450 2522 2599 2596 loc«

332 2619 337 2623 ’
424 2620 524 2694 cit
573 2646 646 2693 n.
674 2622 725 2695 6
764 2647 1066 2720 peccare
1093 2620 1347 2695 divites
1369 2676 1386 2706 ,
1419 2622 1548 2721 qui
1580 2619 1740 2695 sine
1761 2622 2185 2694 necessitate
2211 2620 2593 2718 accipiunt

422 2731 772 2792 :mutuum
808 2723 848 2791 ὲ
902 2722 1149 2794 Monte
1173 2778 1195 2806 ,
1230 2733 1314 2794 ut
1346 2719 1521 2792 alias
1560 2719 1943 2793 lucrentur
1969 2776 1987 2810 ‚
2027 2734 2101 2792 et
2127 2716 2296 2790 ideo
2319 2733 2593 2789 tenen-

423 2828 549 2889 tur
586 2816 793 2889 illico
826 2819 1212 2919 pecuniam
1251 2818 1647 2891 restituere.
1689 2818 1845 2889 Hoc
1883 2831 2128 2889 autem
2162 2815 2604 2912 intelligen-

423 2914 606 2986 dum
635 2915 953 2989 dicerem
974 2973 992 3006 ‚
1020 2918 1077 2988 si
1092 2917 1300 2989 Mons
1320 2930 1506 2990 esset
1523 2940 1825 3014 pauper,
1852 2916 2220 3015 quiatunc
2242 2912 2594 3009 deficeret

421 3013 805 3086 subventio
860 3040 1311 3115 pauperum,
1378 3039 1515 3115 pro
1565 3012 1837 3113 quibus
1900 3014 2018 3085 isti
2067 3014 2349 3085 Montes
2411 3026 2594 3086 sunt

422 3111 766 3184 instituti.
807 3112 1274 3211 Pasqualigus
1316 3126 1556 3184 autem
1593 3110 1795 3211 apud
1836 3110 2146 3183 Concina
2179 3136 2252 3181 n.
2296 3135 2336 3209 7
2376 3108 2598 3184 affert

426 3209 778 3309 quasdam
791 3211 1101 3283 Litteras
1125 3208 1334 3284 Pauli
1361 3209 1757 3309 IIIquibus
1785 3210 2150 3293 asseritur,
2179 3207 2377 3283 licite
2408 3234 2589 3280 con-

421 3308 586 3379 cedi
612 3334 821 3407 posse
843 3308 1168 3406 aliquam
1199 3335 1522 3380 annuam
1553 3308 2042 3381 accessionem
2064 3307 2178 3393 iis,
2200 3310 2327 3405 qui
2362 3332 2592 3405 pecu·

420 3407 621 3478 niam
658 3410 964 3480 otiosam
1001 3409 1074 3478 in
1114 3406 1427 3506 praefatis
1465 3405 1840 3479 Montibus
1878 3406 2270 3478 collocant.
2305 3404 2450 3478 Sed
2481 3405 2588 3475 Ρ.

418 3503 820 3582 Balla-inus
841 3504 934 3580 ib.
965 3505 1163 3594 clare
1205 3518 1278 3576 et
1312 3502 1574 3577 merito
1613 3506 1880 3579 evincit
1926 3504 2058 3575 has
2095 3502 2370 3575 litteras
2409 3529 2589 3601 apo-

420 3602 758 3701 cryphas,
810 3602 1134 3677 Adducit
1164 3617 1409 3675 tamen
1457 3604 1550 3674 P.·
1589 3601 1903 3676 Concina
1933 3618 1981 3673 t.
2023 3626 2062 3693 7
2104 3627 2176 3697 p.
2236 3601 2379 3692 483
2425 3627 2502 3674 n.
2533 3626 2592 3699 9

418 3700 601 3771 alias
641 3702 946 3774 Litteras
984 3701 1313 3798 ejusdem
1350 3699 1562 3773 Pauli
1607 3701 1707 3774 ΠΙ
1742 3701 1920 3775 Julii
1952 3699 2054 3772 ΙΙΙ
2091 3712 2164 3771 et
2200 3699 2312 3772 Pii
2347 3699 2453 3769 IV
2503 3699 2585 3771 in

423 3796 695 3896 quibus
733 3798 807 3869 id
849 3799 1274 3873 conceditur
1305 3855 1322 3883 ‚
1359 3798 1489 3871 sed
1529 3825 1703 3874 cum
1743 3798 1944 3871 hisce
1978 3795 2538 3869 limitationibus
2569 3853 2592 3881 ,

423 3910 508 3968 ut
535 3897 987 3994 deponentes
1015 3897 1404 4012 pecuniam
1433 3895 1507 3969 id
1534 3897 1806 3970 faciant
1827 3895 1982 3968 zelo
2018 3895 2387 3968 charitatis
2414 3898 2596 3992 erga¹

477 4020 804 4093 mperes,
841 4009 914 4067 et
939 3999 1112 4071 alias
1136 4011 1421 4094 paratas
1453 3995 2202 4092 habeantemptiones
2228 4046 2248 4078 ‚
2283 4019 2373 4064 ex
2407 3996 2588 4091 qui-

421 4019 560 4165 bus
590 4091 787 4171 licite
825 4094 1094 4170 lucrari
1141 4096 1461 4194 p‘ossent2
1505 4096 1625 4170 An
1675 4092 1849 4169 vero
1891 4094 1986 4168 sit
2033 4093 2322 4166 licitum
2351 4094 2589 4167 'etiam
