2950 4709
489 258 614 331 158
747 261 893 329 Lib.
912 259 1027 328 111.
1048 260 1265 329 Tract.
1283 259 1373 330 V.
1393 261 1493 327 De
1510 256 1796 352 Septimo
1815 258 2134 351 Praecepto
2151 258 2375 327 Deeal.

479 387 664 448 tunc
697 400 848 447 non
884 373 1237 447 debeatur
1268 375 1543 471 integra
1569 372 1823 472 pensio
1851 429 1871 461 ‚
1900 374 2180 446 etiamsi
2217 400 2384 472 pars
2417 398 2652 446 rema·

478 495 666 546 nens
720 471 980 545 reddat
1039 473 1319 546 fructus
1375 471 1812 547 sufficientes
1870 471 1965 543 ad
2017 471 2470 572 pensionem·
2494 471 2650 545 Sed

542 570 939 644 robabilius
965 571 1152 643 mibi
1186 570 1471 644 videtur
1509 597 1552 642 o
1606 570 1928 670 positum
1960 625 1984 656 ,
2033 569 2234 669 quod
2262 567 2651 642 decretum

480 594 623 740 fuit
654 669 730 741 in
772 667 1092 769 quadam
1117 667 1503 743 Decisione
1596 685 1733 740 otae
1750 670 2087 740 Romanae
2115 672 2394 767 (quam
2425 667 2652 741 refert

478 765 680 841 idem
715 766 913 865 Lago
938 795 1014 841 n.
1061 768 1217 843 105.
1260 766 1483 869 idque
1521 792 1672 839 non
1722 780 1932 862 negat
1970 792 2121 839 esse
2149 765 2594 865 probabile)
2625 820 2650 853 ‚

479 864 780 965 nempe,
811 866 1060 939 deberi
1095 879 1322 938 totam
1352 866 1775 965 pensionem
1802 890 1886 936 ex
1909 879 2113 963 parte
2137 862 2391 965 praedii
2417 891 2653 938 rema·

479 978 706 1035 nente
736 1021 754 1054 ‚
780 963 1216 1038 nisifructus
1260 970 1416 1064 ejus
1452 961 1544 1035 ad
1581 964 2008 1063 pensionem
2044 979 2192 1034 non
2218 961 2591 1035 sufficiant
2626 1016 2650 1052 ‚

471 1074 556 1133 et
588 1064 683 1132 ita
718 1075 917 1135 tenet
940 1062 1274 1154 Rotunda
1311 1064 1627 1135 Contr.c.
1670 1090 1693 1135 1
1714 1118 1731 1135 .
1764 1088 1834 1161 q.
1861 1062 1932 1154 4.
1968 1060 2055 1131 Η.
2088 1062 2156 1134 5.
2184 1087 2337 1133 cum
2366 1061 2657 1131 Duard.

573 1158 973 1233 *Dubitatur
1000 1160 1066 1232 3.
1101 1164 1241 1249 An,
1276 1173 1628 1262 pereunte
1662 1186 1766 1246 re,
1794 1158 2207 1259 specialiter
2239 1157 2649 1255 designata,

475 1255 577 1330 de
617 1262 776 1354 jure
803 1259 1119 1331 naturali
1159 1272 1501 1332 maneant
1528 1256 1845 1357 obligata
1870 1269 2130 1330 caetera
2161 1255 2356 1329 bona
2378 1255 2654 1328 vendi-

479 1357 659 1428 toris
702 1357 775 1428 in
815 1370 1192 1431 contractu
1236 1356 1667 1455 generaliter
1721 1353 2265 1456 hypothecam?
2310 1354 2661 1452 Affirmat

478 1454 761 1525 Habet-t
791 1470 841 1526 t.
883 1456 931 1547 4
960 1482 1036 1552 p.
1073 1455 1217 1548 324
1253 1481 1429 1526 vers.
1499 1456 1746 1528 Verum
1769 1511 1788 1544 ‚
1840 1465 1913 1527 et
1961 1449 2254 1526 videtur
2289 1453 2354 1525 ei
2403 1452 2651 1525 favere

480 1552 699 1625 citata
729 1549 945 1625 Bulla
970 1552 1040 1626 N
1043 1553 1256 1626 icolai
1289 1552 1387 1629 V.
1426 1551 1553 1626 ubi
1587 1552 2020 1625 conceditur
2047 1569 2258 1650 posse
2280 1549 2653 1632 'constitui

478 1674 787 1723 censum
820 1675 1042 1750 super
1073 1677 1153 1723 re
1185 1663 1379 1724 certa
1408 1707 1429 1740 ,
1466 1664 1538 1724 et
1567 1650 2003 1748 generaliter
2035 1675 2258 1749 super
2297 1648 2650 1722 omnibus

479 1745 644 1820 aliis
689 1746 901 1821 bonis
951 1749 1368 1822 venditoris.
1425 1747 1569 1822 Sed
1626 1747 1809 1823 mihi
1851 1746 2140 1820 videtur
2185 1745 2653 1847 probabilius
2770 1791 2777 1802 ·

476 1845 901 1944 negandum
936 1874 1106 1921 cum
1135 1849 1360 1944 Agar.
1384 1874 1461 1942 p.
1499 1849 1542 1921 3
1573 1849 1621 1922 l.
1661 1874 1685 1919 1
1705 1874 1744 1919 2
1771 1870 1832 1919 c.
1867 1846 1915 1922 5
1942 1871 2011 1944 q.
2042 1846 2093 1918 -5
2119 1861 2190 1917 et
2218 1845 2310 1917 P.
2340 1847 2565 1919 Cone.
2593 1860 2646 1920 t.

479 1967 524 2041 7
549 1944 838 2043 p..595.
873 1947 1059 2038 Quia
1090 2001 1107 2032 ‚
1146 1960 1498 2046 pereunte
1541 1959 1688 2020 tota
1725 1946 1802 2017 re
1828 1999 1847 2029 ,
1872 1957 2363 2017 totuscensus
2456 1944 2599 2016 erit
2624 1998 2663 2042 ⁹.

478 2044 680 2212 Laxta
715 2068 885 2117 mox
935 2048 1154 2145 supra
1208 2042 1397 2117 dicta
1437 2043 1621 2116 Dub.
1669 2068 1732 2117 1.
1782 2041 1934 2116 Nec
1971 2042 2254 2132 obstat,
2307 2068 2407 2141 qu
2464 2040 2521 2116 d
2567 2044 2648 2116 in
2735 2077 2741 2100 2

540 2142 908 2239 ujusmodi
949 2157 1326 2216 contractu
1378 2142 1660 2216 soleant
1705 2139 2048 2214 substitui
2094 2142 2339 2213 omnia
2376 2138 2648 2212 vendi-

478 2240 655 2312 toris
693 2239 888 2316 bona
925 2269 944 2311 τ
976 2241 1166 2314 Nam
1200 2243 1443 2315 cautio
1478 2241 1637 2314 haec
1679 2236 1920 2311 soliim
1954 2237 2143 2311 valet
2185 2235 2277 2310 ad
2315 2237 2648 2310 redden·-

479 2336 663 2411 dum
681 2337 997 2412 fundum
1014 2366 1354 2413 securum
1369 2338 1462 2412 ab
1490 2338 1868 2430 evictione,
1886 2351 1968 2410 ut
1982 2333 2171 2408 bene
2194 2337 2292 2408 ait
2305 2336 2361 2407 C
2364 2336 2649 2425 oncino,

476 2435 747 2535 nempe
818 2438 879 2510 si
921 2436 1051 2511 ille
1103 2441 1199 2511 sit
1245 2452 1573 2539 gravatus
1626 2435 1788 2510 aliis
1849 2433 2188 2508 censibus
2221 2491 2241 2525 ,
2290 2433 2424 2512 ,vel
2473 2432 2648 2507 fidei

478 2534 869 2609 commisso
892 2592 910 2623 ‚
943 2550 1081 2610 etc.
1126 2537 1293 2611 Non
1334 2548 1615 2624 autem,
1710 2531 1887 2622 uod,
1928 2533 1990 2605 si
2027 2531 2305 2605 fundus
2339 2546 2595 2630 pereat
2621 2590 2647 2620 ,

478 2655 740 2705 census
795 2649 1217 2732 permaneat
1243 2660 1322 2706 su
1386 2660 1462 2706 er
1511 2560 1943 2706 aliisqbonis.
1974 2633 2071 2704 Et
2108 2631 2212 2703 sic
2263 2632 2485 2703 etiam
2521 2631 2659 2703 in·

478 2728 760 2828 atligi,
801 2735 904 2805 ait
955 2733 1101 2805 ΑΖ.
1129 2789 1149 2818 ,
1195 2662 1490 2806 Buffam
1530 2729 1843 2804 Nicolai.
1887 2728 2086 2802 Dicit
2133 2741 2375 2800 autem
2411 2730 2645 2802 Ronc.

475 2825 562 2897 de
593 2829 831 2905 contr.
861 2855 924 2905 c,
965 2859 989 2904 1
1029 2859 1096 2931 q.
1126 2834 1173 2926 4
1194 2832 1287 2902 R.
1324 2858 1348 2903 1
1388 2828 1479 2902 ad
1511 2826 2106 2903 constituendum
2137 2852 2440 2906 censum
2468 2829 2649 2900 satis

475 2949 631 2998 esse
671 2925 1245 3026 designationem
1277 2925 1530 3013 fundi,
1577 2924 1692 2999 vel
1746 2924 2074 3026 plurium
2127 2924 2409 3023 aliquot
2464 2925 2648 3013 fun-

478 3023 745 3097 dorum
789 3027 868 3098 in
924 3026 1171 3126 aliqua
1219 3027 1376 3113 via,
1420 3038 1549 3099 aut
1581 3023 1757 3098 villa
1789 3079 1809 3111 ,
1858 3023 2039 3123 quin
2085 3022 2487 3097 necessaria
2548 3024 2648 3097 sit

477 3120 880 3220 designatio
927 3125 1235 3228 alicujus
1275 3124 1491 3199 fundi
1530 3125 1606 3196 in
1644 3121 2059 3212 individuo,
2095 3135 2168 3193 et
2206 3134 2507 3195 testatur
2538 3121 2644 3194 ita

476 3219 758 3320 pluries
810 3222 1137 3296 decisum
1174 3222 1395 3296 fuisse
1442 3226 1483 3295 a
1521 3224 1699 3296 Rota
1753 3223 2118 3308 Romana,
2156 3243 2243 3291 ex
2302 3218 2642 3293 Clen'cato

475 3319 550 3390 in
578 3318 944 3394 Decision.
984 3322 1289 3394 Miscell.
1335 3321 1510 3393 Dec.
1550 3320 1640 3419 73
1668 3344 1740 3393 η.
1773 3319 1844 3393 8.

574 3415 779 3491 V.Ut
797 3420 1291 3519 non¹privetur
1314 3417 1911 3510 censuariusrem
1937 3441 2147 3515 posse
2169 3412 2645 3506 vendere,aut

471 3514 788 3589 donare.
816 3516 1053 3590 Debet
1081 3531 1329 3590 tamen
1370 3517 1504 3589 iste
1535 3570 1554 3602 ,
1606 3514 1664 3588 si
1713 3514 2026 3587 vendere
2075 3513 2287 3601 velit,
2338 3537 2642 3586 monere

478 3614 914 3686 censitor-em
937 3672 956 3704 ‚
998 3642 1180 3687 num
1217 3614 1394 3687 velit
1428 3615 1584 3714 ipse
1621 3637 1861 3686 emere
1899 3612 2160 3686 eodem
2199 3614 2431 3709 pretio
2467 3610 2500 3684 ἲ
2540 3614 2642 3685 Et

476 3711 649 3783 ideo
683 3710 897 3785 debet
929 3728 1316 3813 expectare«
1345 3737 1474 3814 per
1514 3738 1838 3785 mensem
1880 3739 1898 3782 t
1937 3710 2128 3782 Vide
2170 3710 2350 3784 Viva
2382 3737 2452 3782 n.
2499 3710 2646 3781 8-et

473 3831 547 3908 9.
576 3811 876 3884 Praecisa
912 3810 1083 3885 vero
1115 3810 1328 3885 Bulla
1361 3867 1380 3897 ,
1430 3808 1719 3885 licitum
1752 3834 1904 3884 esse
1928 3824 2232 3910 pactum
2268 3834 2421 3880 non
2455 3806 2643 3880 alie-

479 3906 707 3986 nandi
766 3935 969 4002 rem,
1028 3909 1287 3983 dicunt
1322 3907 1546 3984 Salm.
1601 3935 1760 4003 cap.
1818 3910 1863 3999 4
1899 3933 2095 3979 num.
2152 3908 2251 4005 49
2284 3932 2438 3978 cum
2485 3903 2637 3977 Sot.

481 4006 651 4078 Coo.
705 4008 868 4078 Pal.
913 4007 1129 4079 Salm.
1165 4024 1295 4081 etc.
1354 4006 1539 4097 Sed,
1601 4003 1900 4107 quando
1953 4004 2099 4079 tale
2134 4019 2429 4104 pactum
2487 4029 2639 4075 non

480 4100 686 4177 adest
711 4158 734 4193 ‚‚
770 4101 1196 4205 praedictam
1219 4106 1700 4180 monitionem
1723 4128 2012 4205 semper
2036 4102 2448 4182 faciendam
2481 4124 2634 4178 esse
