2950 4709
513 230 598 298 9²
728 205 872 277 Lib.
904 207 1031 274 ΙΙΙ.
1052 206 1270 276 Tract.
1303 207 1392 276 V.
1431 208 1533 276 De
1562 207 1852 300 Septimo
1881 206 2204 301 Praecepto
2236 207 2461 277 Decal.

511 353 554 392 >a
611 337 992 421 oporteat,
1043 323 1178 396 sed
1230 320 1589 396 dividitur
1635 323 2142 408 ininfimum,
2200 321 2573 408 medium,
2605 329 2684 390 ct
2763 327 2773 334 ’

509 452 550 487 ι
610 448 984 496 summum
1008 481 1028 506 ‚
1059 421 1204 496 sive
1233 476 1254 511 ,
1296 435 1376 494 ut
1412 419 1539 494 alii
1570 435 1873 505 vocant,
1910 423 2145 519 pium,
2179 421 2684 504 moderatum,

509 549 553 587 n
610 534 684 592 ct
720 523 1163 618 rigorosum,
1206 522 1300 593 ita
1345 532 1426 592 ut
1477 523 1665 594 intra
1699 519 2164 595 latitudinem
2202 521 2426 616 hujus
2464 515 2687 618 pretii

509 649 553 687 a)
609 618 922 693 vendere
948 676 970 709 ,
1002 636 1077 693 et
1107 619 1348 694 emere
1387 617 1607 693 liceat
1639 674 1658 706 ,
1700 641 1899 692 nunc
1934 645 2222 695 summo
2247 675 2271 705 ,
2308 644 2513 689 nunc
2555 615 2685 688 in·-

508 747 552 788 »
612 718 870 790 fimo.»
2321 731 2326 738 ·

608 811 1039 889 Notandum
1072 830 1186 889 est
1240 845 1303 890 1.
1358 814 1558 915 quod
1583 830 1740 890 taxa
1763 814 1948 888 facta
1968 814 2240 915 pretii&
2267 812 2686 911 Republica

510 912 789 1010 obliget
824 917 900 988 in
935 915 1385 989 conscientia
1412 970 1429 999 ,
1493 929 1572 987 ut
1603 912 1678 985 S.
1735 913 1872 987 Th.
1917 940 1939 984 1
1987 940 2027 985 2
2062 942 2126 1008 q.
2174 915 2274 1011 96
2303 941 2374 985 α.
2418 939 2442 983 1
2504 913 2607 982 ad
2638 913 2684 983 3

509 1037 668 1084 cum
696 1013 1077 1100 communi,
1112 1014 1331 1087 etiam
1360 1007 1911 1090 Ecclesiasticus
1938 1010 2142 1098 (licet
2174 1013 2266 1083 sit
2295 1008 2690 1111 probabile

514 1110 691 1182 alias
732 1110 927 1206 leges
958 1137 1106 1185 non
1140 1110 1462 1209 obligare
1493 1103 2136 1202 Ecclesiasticus),
2168 1110 2387 1183 θοίνη.
2421 1121 2491 1180 εἰ
2532 1134 2578 1179 2
2607 1132 2689 1180 n.

521 1235 547 1282 1
575 1210 679 1280 18.
719 1207 1159 1308 Intelligitur
1186 1225 1431 1283 tamen
1451 1267 1473 1301 ,
1509 1209 1650 1282 nisi
1668 1208 2088 1283 notabiliter
2117 1234 2231 1280 res
2259 1221 2684 1296 mutentur,

509 1320 593 1378 ut
620 1306 836 1379 Less.
863 1335 926 1381 c.
965 1333 1045 1380 21
1085 1309 1156 1382 d.
1198 1336 1238 1381 2
1269 1308 1495 1381 Salm.
1535 1308 1626 1382 ib.
1661 1334 1816 1380 cum
1865 1309 2043 1404 Bag.
2090 1306 2306 1379 Tmll.
2346 1304 2506 1379 Dic.
2549 1319 2688 1378 ete.

510 1404 654 1476 vel
704 1407 847 1477 nisi
902 1421 1060 1477 taxa
1105 1409 1145 1477 a
1201 1409 1463 1505 majori
1498 1421 1728 1507 fparte
1783 1405 2044 1505 Populi
2103 1431 2257 1477 non
2313 1418 2684 1489 servetur,

509 1503 791 1576 sciente
828 1503 1171 1602 Principe
1200 1560 1220 1589 ‚
1270 1521 1345 1578 et
1386 1531 1540 1577 non
1586 1505 1979 1604 puniente,
2026 1502 2244 1576 Salm.
2298 1528 2372 1577 n.
2438 1502 2582 1575 116
2613 1517 2691 1573 et

521 1601 654 1673 135
684 1599 795 1673 vel
818 1602 879 1674 si
911 1628 1148 1674 annus
1193 1605 1284 1676 sit
1316 1603 1586 1676 sterilis
1611 1660 1630 1691 ‚
1672 1616 1755 1676 ut
1789 1629 1956 1675 mox
1989 1599 2371 1675 subdetur.
2401 1599 2687 1675 Utrum

509 1713 756 1772 autem
786 1712 963 1773 tunc
989 1726 1104 1772 res
1126 1702 1403 1801 optima
1434 1705 1664 1802 possit
1689 1701 1930 1776 carius
1956 1700 2215 1780 vendi,
2243 1698 2358 1770 vel
2385 1697 2687 1772 misceri

514 1824 685 1870 cum
730 1797 910 1884 alia,
953 1798 1050 1876 ita
1090 1815 1171 1872 ut
1207 1800 1561 1886 fiatesiciit
1592 1800 1751 1875 aliae
1787 1825 1900 1874 res
1939 1799 2424 1873 communes?
2458 1797 2684 1870 Affir-

515 1912 722 1970 mant
752 1896 1233 1996 probabiliter
1253 1898 1474 1972 Salm.
1506 1926 1571 1972 c.
1600 1926 1642 1972 2
1669 1925 1743 1973 n.
1793 1902 1924 1972 128
1950 1914 2022 1970 et
2058 1900 2215 1972 130.
2251 1898 2340 1967 P.
2380 1896 2598 1968 Conc.
2623 1911 2682 1967 t.

512 2021 556 2094 7
584 2012 666 2067 tt.
707 1995 850 2073 306
879 2023 951 2071 n.
989 2022 1084 2095 29
1123 2014 1196 2069 et
1227 1997 1296 2068 T
1290 2023 1486 2069 oum.
1516 2013 1569 2071 t.
1619 2025 1642 2070 1
1675 2026 1751 2094 p.
1790 1999 1954 2095 447.
1985 1996 2189 2070 Ratio
2214 2049 2234 2078 ‚
2276 1995 2445 2094 quia
2469 1994 2681 2066 Prin·

510 2120 721 2193 cepa,
758 2096 1067 2170 taxando
1095 2097 1452 2195 pretium,
1490 2122 1605 2168 res
1665 2097 1789 2168 icit
1817 2093 2098 2167 tantum
2132 2092 2457 2166 valorem
2489 2118 2686 2165 mer-

509 2197 613 2266 cis
647 2193 1060 2268 ordinariae.
1092 2195 1209 2267 An
1240 2193 1415 2267 vero
1438 2123 1777 2267 venditor
1813 2194 2043 2293 possit
2073 2216 2330 2290 cogere
2376 2207 2684 2290 empto·-

508 2315 664 2365 rcm
694 2294 972 2368 soluere
997 2295 1073 2365 in
1098 2291 1578 2367 determinata
1608 2296 1848 2391 specie
1879 2289 2683 2391 pecuniae?Probabile

493 2414 667 2462 ,csse
697 2445 717 2477 ,
755 2390 962 2490 quod
1000 2395 1226 2486 possit
1255 2446 1273 2477 ,
1312 2392 1576 2464 dicunt
1600 2390 1820 2463 δοίητ’.
1859 2392 2091 2489 Negat
2113 2388 2286 2463 vero
2321 2389 2418 2463 P.
2453 2389 2679 2463 Conc-

506 2489 553 2559 ί.
607 2514 669 2561 c.
707 2514 779 2561 n.
826 2495 944 2564 28.
983 2492 1142 2582 Ego
1194 2511 1456 2563 censeo
1524 2516 1737 2590 posse
1778 2514 2034 2588 cogere
2096 2487 2192 2560 ad
2228 2486 2686 2561 solvendum

507 2589 826 2686 pecunia
873 2586 1115 2660 usuali
1147 2612 1166 2679 ;
1203 2586 1473 2688 nempe
1516 2591 1715 2660 aenea
1772 2609 1903 2686 pro
1943 2585 2162 2660 rebus
2194 2584 2466 2659 vilibus
2494 2641 2514 2673 ,
2548 2613 2679 2659 ar-

508 2688 769 2797 gentea
808 2712 941 2785 pro
969 2679 1195 2759 ‘rebus
1230 2689 1478 2782 magni
1510 2686 1804 2761 valoris.
1843 2684 2234 2760 Probabile
2279 2700 2524 2776 autem
2559 2697 2681 2758 est

503 2807 583 2855 m
638 2782 852 2857 annis
908 2782 1124 2857 valde
1179 2783 1549 2859 sterilibus
1576 2842 1596 2876 ,
1639 2801 1879 2858 toxam
1939 2811 2088 2858 non
2152 2780 2476 2879 obligare
2508 2840 2527 2871 ‚
2591 2796 2684 2857 ut

499 2881 695 2952 Nar.
731 2882 1009 2957 Bonac.
1039 2883 1218 2956 Mol.
1256 2884 1541 2956 Comrr.
1568 2884 1734 2956 Pal.
1766 2900 1894 2957 etc.
1927 2884 2169 2956 contai
2191 2880 2446 2956 Ledes.
2469 2882 2678 2955 Ban.

511 2979 692 3072 Tap.
729 2982 949 3054 Azor.
979 2999 1108 3058 etc.
1151 2982 1343 3056 Vide
1365 2979 1580 3054 Salm.
1613 3009 1678 3056 c.
1719 3008 1782 3054 2.
1817 3006 1915 3053 ex
1946 3007 2021 3056 n.
2072 2979 2228 3053 132.

389 3093 491 3163 804
602 3077 1047 3153 Notandum·
1089 3109 1154 3155 τι.
1210 3079 1411 3180 quod
1445 3084 1766 3179 pretium
1796 3081 2051 3153 variari
2086 3079 2317 3180 possit
2339 3136 2358 3163 ,
2386 3079 2679 3153 ratione

504 3179 893 3276 temporis,
928 3193 1002 3252 et
1039 3178 1216 3269 loci,
1263 3179 1484 3253 dehet
1539 3180 1739 3252 enim
1787 3179 2067 3252 attendi
2132 3183 2463 3274 lempna,
2523 3205 2680 3277 quo

504 3302 619 3350 res
651 3277 965 3350 traditur
991 3333 1010 3363 ‚
1048 3294 1121 3351 ct
1151 3277 1359 3351 locus
1387 3334 1404 3365 ‚
1444 3276 1577 3351 ubi
1603 3292 1714 3351 est
1745 3302 1858 3350 res
1892 3302 2060 3373 quae
2094 3277 2433 3350 venditur
2458 3330 2479 3361 ‚
2516 3303 2678 3351 non

502 3390 753 3449 autem
788 3375 915 3449 ubi
947 3378 1032 3450 fit
1067 3391 1485 3453 contractus
1513 3434 1532 3462 ‚
1563 3376 1726 3450 nisi.
1746 3377 2077 3449 venditor
2103 3375 2488 3449 conveniat
2520 3374 2684 3473 hiic

504 3499 661 3547 rem
710 3475 1131 3567 transferri,
1189 3474 1409 3548 Salen.
1464 3501 1526 3547 c.
1587 3501 1629 3547 a
1684 3500 1763 3546 n.
1820 3476 1918 3573 98
1963 3490 2041 3546 et
2071 3497 2170 3572 99
2217 3498 2375 3546 cum
2424 3473 2676 3571 LugO,

499 3572 658 3646 Dic.
691 3589 819 3645 etc.
855 3602 942 3648 ac
980 3574 1236 3647 Toum.
1271 3589 1348 3645 ut
1374 3599 1525 3671 sup.
1560 3600 1637 3645 n.
1681 3574 1821 3645 802
1861 3573 2082 3669 infin.
2122 3572 2317 3645 Hinc
2349 3597 2462 3646 res
2497 3598 2680 3671 pre·-

395 3679 405 3694 '
503 3673 686 3746 tiosa
739 3686 980 3770 potest
1025 3674 1227 3771 parvi
1275 3676 1419 3745 emi
1456 3727 1474 3759 ,
1529 3670 1658 3744 ubi
1695 3672 1899 3771 par'vi
1937 3673 2385 3759 {estimatum
2433 3685 2506 3743 et
2556 3697 2682 3745 res

501 3768 669 3844 vilis
698 3775 939 3866 magni
970 3771 1190 3844 vendi
1223 3827 1242 3857 ,
1283 3769 1409 3846 uhi
1448 3771 1695 3870 magni
1739 3774 2165 3844 aestimatur.
2202 3767 2678 3842 Vide-dicen-

502 3869 600 3942 da
623 3894 695 3941 n.
726 3870 891 3943 808.
936 3872 1261 3944 Econtra
1308 3870 1647 3944 venditor
1702 3895 1853 3943 non
1909 3883 2148 3965 potest
2191 3865 2468 3940 alicubi
2511 3894 2676 3943 rem

503 3966 820 4041 vendere
853 3966 1085 4067 pluris
1117 4024 1134 4054 ‚
1170 3973 1393 4067 quam
1436 3967 1540 4042 ibi
1577 3969 2014 4058 aestimatur,
2051 3966 2229 4041 licet
2263 3967 2527 4039 emerit
2555 3993 2682 4041 ca·-

507 4064 706 4155 rius,
766 4081 840 4139 ct
875 4065 1195 4139 multum
1228 4066 1654 4165 expenderit
1691 4066 1787 4140 ad
1836 4066 2046 4140 illam
2099 4065 2562 4160 vehendam,
2600 4079 2685 4144 uk

512 4163 728 4238 docet
753 4163 828 4238 S.
859 4165 926 4240 T
918 4162 994 4239 h.
1023 4164 1230 4250 Less.
1268 4167 1453 4240 Bon.
1493 4181 1622 4242 etc.
1649 4192 1805 4241 cum
1840 4164 2060 4241 Salm.
2089 4192 2167 4240 n.
2205 4191 2364 4242 noo.
