2950 4709
531 203 659 283 288
807 212 954 280 Lib.
972 211 1088 279 m.
1109 212 1326 282 Traot.
1347 213 1435 284 V.
1456 213 1557 282 De
1573 214 1860 307 Septimo
1876 214 2199 308 Praecepto
2213 214 2437 284 Deeal.

527 325 623 398 de
655 328 868 425 cujus
895 329 1202 400 essentia
1236 354 1385 402 non
1418 344 1568 417 est,
1607 343 1692 401 ‘ut
1723 331 1817 402 sit
1848 353 2241 402 commune
2277 326 2699 428 periculum

527 423 780 498 damni
810 480 829 512 ,
889 423 1112 526 proiit
1158 441 1494 500 asserunt
1545 426 2010 514 Adversarii,
2068 427 2199 501 sed
2250 426 2329 500 id
2386 425 2705 527 probare

525 520 884 598 deberent
928 581 948 615 ‚
1023 550 1196 597 cum
1265 525 1508 626 potins
1576 527 2006 626 oppositum
2074 525 2276 600 clare
2342 523 2703 623 probetur

529 644 617 693 ex
649 621 695 692 l.
744 620 832 693 Si
856 648 1001 695 non
1027 620 1262 711 suerit.
1299 625 1362 721 §.
1412 625 1551 698 1112.
1569 629 1673 720 ff
1727 626 1874 695 Pro
1912 624 2100 697 socio
2123 679 2143 714 ‚
2192 623 2320 697 ubi
2373 621 2648 698 dieitur
2676 649 2698 692 ε

527 718 649 790 Itd
681 718 861 792 coiri
886 721 1290 806 societatum
1310 747 1534 818 posse
1557 778 1575 809 ,
1610 739 1687 795 ut
1724 721 1984 794 nullam
2011 738 2280 819 partem
2314 721 2569 793 damni
2594 722 2705 792 al-

528 831 639 888 ter
653 816 938 911 sentiat,
969 819 1232 890 lucrum
1265 824 1423 892 νενὸ
1452 840 1818 914 commune
1847 820 1969 910 sit,
2012 820 2303 893 Cassius
2319 833 2553 918 putat.
2591 822 2706 893 De

527 916 840 988 essentia
891 914 1059 989 ideo
1100 919 1460 991 societatis
1492 918 1781 991 tantinn
1819 943 1973 992 esse
2010 918 2273 991 dicunt
2298 973 2317 1004 ,
2358 931 2442 990 ut
2491 933 2707 990 utra-

533 1037 680 1110 que
711 1040 878 1111 pars
906 1014 1188 1115 aliquid
1223 1017 1549 1091 conferat
1575 1017 1671 1089 ad
1718 1042 2189 1089 communem
2231 1042 2442 1089 usum
2475 1032 2552 1087 et
2578 1015 2710 1086 lu·-

532 1129 743 1184 erum
770 1168 791 1201 ,
836 1128 910 1186 et
943 1113 1252 1213 aequalia
1303 1119 1450 1188 sint
1499 1115 1889 1188 commoda
1942 1130 2013 1187 et
2055 1114 2554 1188 incommoda.
2592 1116 2711 1186 Ex

531 1235 682 1310 quo
709 1212 832 1300 fit,
867 1228 950 1284 ut
980 1238 1068 1284 ex
1095 1213 1505 1290 commodis
1541 1239 1600 1285 ae
1660 1212 1948 1286 ualibus
1979 1213 2466 1312 aequalia·sint
2492 1211 2711 1285 lucra

531 1322 730 1380 etex
783 1310 1190 1409 aequalibus
1239 1311 1615 1385 incommo
1671 1313 2083 1414 is·aequalia
2137 1312 2284 1384 sint
2341 1309 2707 1410 pericula.

527 1406 777 1497 Unda,
810 1408 1111 1507 quando
1133 1409 1310 1508 ‘quis
1350 1412 1911 1486 assumittotum
1946 1410 2386 1509 periculum,
2412 1409 2711 1481 socium

532 1506 1017 1579 assecurando
1068 1520 1229 1579 tum
1261 1509 1353 1579 de
1387 1521 1580 1580 sorte
1608 1565 1626 1598 ‚
1650 1524 1822 1606 ‘tum
1859 1508 1950 1582 de
1979 1507 2221 1597 lucro,
2256 1507 2431 1580 licet
2466 1514 2712 1604 majus

533 1604 796 1676 sentiat
825 1605 1405 1678 incommodum
1439 1663 1459 1696 ,
1513 1606 1710 1679 illud
1769 1621 2013 1679 tamen
2073 1606 2213 1678 sibi
2272 1619 2709 1704 compensat

533 1700 926 1773 commodo
955 1705 1252 1802 majoris
1293 1704 1520 1791 lueri3
1558 1709 1813 1778 eontra
1847 1704 2013 1778 vero
2047 1704 2432 1777 conferens
2470 1729 2712 1806 pecu-

532 1797 759 1889 niam,
791 1803 1120 1898 quamvis
1145 1799 1439 1874 nullum
1477 1803 1740 1877 sentiat
1771 1801 2327 1877 incommodum
2360 1800 2707 1900 periculi,

530 1899 766 1970 sentit·
799 1912 1048 1972 tamen
1093 1900 1647 1974 incommodum
1683 1902 1986 1975 minoris
2044 1902 2275 1990 lucri,
2333 1915 2405 1973 et
2457 1901 2566 1973 sic
2624 1901 2708 1971 fit

535 1995 917 2097 oequalitas
943 2053 962 2086 ,
998 2024 1086 2072 ex
1123 2025 1267 2100 qua
1315 1999 1823 2100 principaliter
1864 2000 2336 2074 constituitur
2364 1999 2705 2071 societas.

531 2095 909 2187 Quantnm
936 2112 1181 2172 autem
1210 2097 1502 2171 lucrum
1528 2098 1757 2198 possit
1783 2100 1970 2196 exigi
1989 2096 2020 2168 ἐ’
2039 2098 2245 2191 Mag.
2273 2094 2484 2169 Sei-tn
2511 2096 2711 2193 apud

526 2192 746 2267 Salm.
773 2208 980 2294 putat
1017 2210 1181 2269 octo
1236 2220 1370 2293 pro
1393 2211 1694 2270 centum
1725 2251 1743 2280 ‚
1771 2197 2025 2269 Bonae
2047 2251 2064 2282 ,
2092 2208 2340 2267 censet
2379 2194 2547 2292 plus
2575 2249 2594 2280 ,
2642 2194 2702 2266 si

528 2294 920 2388 negotiatio
938 2309 1122 2368 esset
1139 2289 1602 2386 lucrosior,et
1630 2295 1776 2366 min
1787 2293 1870 2365 iis
1887 2293 2324 2391 periculosa3
2338 2291 2560 2366 Salm.
2582 2319 2707 2365 aa·

529 2401 680 2461 tem
696 2390 1413 2492 dicunt,regulariter
1424 2417 1638 2493 posse
1657 2393 1840 2490 exigi
1856 2393 2188 2492 quinque
2209 2417 2344 2491 pro
2375 2397 2700 2464 centuni.

627 2486 743 2559 Ad
780 2487 1190 2564 secundum
1243 2489 1416 2564 vero
1447 2488 2009 2564 fundamentum
2040 2546 2059 2579 ,
2120 2488 2431 2588 nempe,
2492 2488 2702 2588 quod

528 2586 833 2659 societas
872 2614 959 2662 eo
995 2614 1167 2662 easu
1214 2591 1557 2662 transiret
1599 2589 1678 2661 in
1707 2602 2084 2672 mutuum,
2113 2589 2283 2687 quia
2310 2643 2327 2675 ‚
2351 2595 2695 2685 conjecto

523 2683 606 2756 in
663 2686 946 2758 socium
1006 2700 1159 2760 toto
1217 2688 1548 2788 periculo
1587 2688 1842 2777 sortia,
1881 2702 2061 2759 tunc
2117 2687 2336 2759 etiam
2387 2687 2469 2786 in
2527 2712 2701 2759 eum

529 2782 1048 2857 transferretur
1104 2785 1312 2859 fortis
1369 2785 1783 2859 dominium
1814 2842 1831 2868 ,
1890 2785 1989 2859 ita
2043 2798 2127 2857 ut
2185 2782 2342 2858 sine
2391 2784 2695 2857 alterius

529 2881 712 2954 socii
754 2882 1024 2983 injuria
1077 2897 1316 2982 posset
1366 2883 1495 2958 ille
1556 2907 1690 2984 pro
1753 2881 1962 2956 libito
2023 2882 2116 2956 de
2178 2881 2309 2955 tali
2377 2882 2700 2982 pecunia

523 2978 928 3080 ‘disponere
957 3006 977 3074 ;
1043 2982 1337 3057 Diverse
1416 2979 1866 3082 respondent
1934 2981 2284 3055 Fautores
2349 2979 2702 3054 seeundae

528 3080 936 3153 sententiae.
988 3080 1280 3152 Lessius
1331 3107 1403 3152 n.
1464 3081 1559 3155 30
1596 3096 1670 3153 et
1695 3079 1899 3153 Azor
1940 3081 2072 3172 loc.¹
2133 3077 2251 3150 cit.
2307 3078 2699 3177 (quamvis

525 3176 651 3249 hic
687 3178 1067 3252 contrariae
1096 3181 1478 3252 sententiae
1512 3177 1938 3274 adhaereat)
1971 3177 2273 3267 dicunt,
2308 3175 2517 3276 quod
2552 3177 2699 3249 hu-

528 3274 853 3374 jusmodi
904 3290 1322 3351 contractus
1358 3333 1375 3364 ,
1437 3276 1615 3351 licet
1667 3303 1819 3349 non
1873 3290 2279 3349 remaneret
2329 3279 2639 3349 societas
2675 3331 2694 3365 ,

527 3391 681 3447 non
735 3388 978 3462 tamen
1036 3379 1375 3449 transiret
1410 3376 1489 3448 in
1533 3388 1878 3448 mutuum
1918 3432 1937 3459 ,
1986 3373 2117 3447 sed
2151 3372 2486 3447 in'aliam
2523 3398 2698 3472 spe-

529 3474 720 3545 ciem
763 3471 1182 3547 contractfis
1208 3531 1225 3557 ,
1258 3472 1526 3573 nempe
1574 3473 2087 3547 conductionis
2126 3497 2441 3571 operum
2468 3473 2695 3557 socii,

527 3585 615 3643 ut
645 3568 977 3685 loquitur
999 3570 1287 3644 Lessius
1312 3630 1331 3662 ‚
1366 3571 1486 3645 vel
1522 3570 1939 3646 eontractiis
1976 3571 2461 3658 innominati,
2494 3583 2576 3643 ut
2605 3570 2700 3643 ait

528 3668 840 3760 Azorzus
872 3727 890 3760 ‚
934 3670 1063 3770 qui
1105 3696 1238 3769 pro
1278 3685 1477 3746 certo
1529 3669 1759 3744 habet·
1809 3685 1987 3744 tuno
2042 3684 2505 3743 contractum
2547 3693 2695 3743 non

523 3767 835 3859 transire
867 3768 944 3840 in
984 3782 1348 3846 mutuum.
1377 3768 1730 3860 Aliivero
1758 3824 1776 3857 ‚
1809 3783 1891 3842 ut
1921 3769 2115 3865 Lago
2139 3826 2159 3859 ,
2196 3767 2468 3840 Palous
2503 3821 2523 3856 ,
2557 3768 2700 3838 Es-

525 3864 677 3936 eob.
718 3882 791 3937 et
828 3867 1217 3964 Roncaglz'a
1248 3925 1266 3958 ‚
1310 3867 1761 3971 respondent
1785 3926 1802 3952 ‚
1852 3865 2056 3968 quod
2091 3923 2110 3957 ‚
2164 3891 2319 3939 non
2365 3865 2698 3939 obstante

527 3963 864 4058 periculo
899 3979 1236 4065 suscepto
1275 3971 1316 4040 a
1370 3971 1569 4042 socio
1596 4022 1617 4054 ,
1679 3964 1922 4039 adhhc
1961 3965 2300 4064 persistat
2332 3968 2633 4036 societas
2674 3990 2692 4032 ε

530 4061 738 4135 Sient
770 4063 964 4138 enim
993 4065 1457 4165 (inquiunt)
1507 4069 1585 4141 in
1625 4065 2090 4141 commodato
2121 4119 2141 4157 ‚
2175 4062 2238 4139 si
2274 4060 2699 4138 commoda-
