2950 4709
491 304 579 373 66
760 302 906 372 Lib.
924 300 1038 371 111.
1059 300 1277 373 Tract.
1296 302 1384 374 V.
1402 304 1502 372 De
1519 303 1803 398 Septimo
1819 302 2141 397 Praecepto
2157 302 2379 372 Deeal.

488 431 718 488 matur
740 420 1072 513 quantdm
1106 430 1215 487 est
1240 405 1599 488 νενιῖςῗηιᾶε
1623 473 1644 506 ,
1681 415 1873 515 quod
1889 434 2075 488 esset
2093 415 2392 513 captum.
2420 415 2539 508 Un
2549 404 2658 490 d&

490 527 795 615 apparet
825 511 1023 587 licite
1059 540 1268 611 posse
1299 516 1758 615 compensari
1782 513 2139 588 damnum
2171 513 2657 615 probabiliter¹

488 636 575 686 ex
608 625 868 684 mutuo
906 628 1341 686 eventurum
1368 670 1403 699 ,‚
1436 613 1765 713 quamvis
1799 616 2185 686 incertum.
2582 694 2593 702 ,

589 705 706 786 Ob
740 708 1074 782 eamdem
1111 713 1469 784 rationem
1512 709 1988 811 probabiliter
2027 716 2128 784 ait
2157 712 2347 784 Bon.
2370 709 2531 786 123
2563 736 2655 805 p,

486 809 530 902 4
579 835 652 881 n.
720 809 831 881 13.
890 807 1383 881 ‘mutuatorem
1427 866 1445 899 ‚
1507 811 1826 909 quinon
1868 807 2119 900 certo,
2171 806 2299 881 sed
2358 806 2658 882 tantum

486 905 969 1007 probabiliter
995 920 1150 979 erat
1168 905 1661 983 destinaturus
1689 910 2076 1007 pecuniam
2107 907 2201 980 ad
2229 907 2662 1005 negotiatio-

484 1031 656 1080 nem
683 1060 701 1092 ,
742 1029 950 1103 posse
971 1003 1257 1105 aliquid
1279 1006 1557 1101 exigere
1580 1032 1712 1104 pro
1742 1019 1889 1094 rata
1917 1003 2480 1105 probabilitatis,
2503 1003 2657 1077 Sed

486 1103 684 1175 dices
721 1130 739 1171 ε
796 1103 854 1174 si
892 1116 1134 1201 potest
1177 1103 1460 1203 aliquid
1529 1105 1714 1203 exigi
1753 1129 1886 1201 pro
1933 1102 2446 1202 probabilitate
2510 1128 2659 1201 ap·-

465 1199 910 1302 ‘plicationis
937 1200 1490 1301 pecuniae‚ergo
1511 1216 1748 1301 posset
1765 1202 1982 1275 etiam
2007 1200 2286 1300 aliquid
2303 1200 2489 1299 exigi
2512 1225 2658 1299 pro

486 1297 965 1402 possibilitate
1000 1298 1450 1398 applicandi.
1474 1303 1571 1388 At
1590 1296 2003 1401 respondeo
2035 1299 2660 1398 negandoffparita-

487 1412 663 1486 temz
671 1395 1120 1511 possibilitas
1145 1411 1254 1469 est
1269 1423 1467 1470 mera
1485 1398 1830 1497 potentia,
1849 1398 1975 1470 sed
1997 1424 2146 1470 non
2164 1398 2656 1497 repugnantia

481 1494 998 1612 a3ppl1catiouis
1034 1524 1053 1565 ε
1089 1493 1288 1576 unde
1324 1510 1699 1572 mutuator
1727 1521 1812 1569 ex
1843 1517 1926 1567 ea
1961 1494 2257 1568 nullum
2289 1494 2511 1567 habet
2538 1523 2659 1567 ac·-

483 1594 685 1674 tuale
720 1649 737 1677 ‚
781 1608 852 1666 et
906 1594 1297 1691 positivum
1346 1594 1909 1667 fundamentum
1962 1592 2154 1665 lucri
2208 1593 2485 1683 futuri,
2520 1592 2662 1665 sed

485 1690 778 1784 tantiun
833 1694 1272 1789 negativum.
1319 1692 1639 1765 Econtra
1767 1688 2188 1766 robabilitas
2247 1691 2476 1765 futuri
2542 1690 2662 1763 lu-

482 1790 597 1863 cri
657 1788 881 1862 babet
916 1788 1216 1887 quidem
1253 1793 1643 1889 positivum
1700 1719 2264 1867 {indamentum
2315 1789 2480 1861 talis
2531 1788 2658 1862 lu-

486 1888 645 1976 cri,
687 1887 836 1964 sive
889 1887 1046 1987 spei
1097 1888 1303 1961 istius
1335 1944 1354 1974 ,
1395 1902 1466 1960 et
1520 1887 1686 1961 ideo
1742 1901 1846 1961 est
1895 1889 2128 1988 pretio
2177 1886 2653 1978 aestimabilis,

478 1985 688 2079 Quid
724 1987 784 2058 si
821 2000 1196 2059 mutuator
1224 1986 1466 2059 solum
1497 1988 1742 2062 animo
1777 1985 2124 2086 pendeat,
2156 1984 2325 2058 velit
2364 2012 2454 2057 an
2496 2012 2660 2059 non.

483 2083 844 2186 'negotiari
869 2083 1189 2174 tAdhtxc
1218 2084 1580 2158 affirmant
1608 2084 1850 2158 Tamb.
1870 2086 1915 2182 l,
1934 2108 1985 2182 9
2011 2098 2094 2156 tr.
2131 2111 2156 2156 1
2184 2110 2244 2155 c.
2268 2081 2311 2155 3
2336 2084 2397 2181 §-
2419 2085 2463 2176 4
2498 2082 2659 2178 n.13

487 2195 562 2255 et
586 2181 785 2284 Lago
813 2184 912 2254 D.
953 2208 1044 2256 20
1076 2210 1148 2276 '.²·
1183 2208 1226 2255 2
1262 2210 1416 2256 cum
1447 2182 1689 2269 Salas,
1724 2208 1894 2254 eum
1986 2206 2143 2255 osse
2176 2181 2455 2280 aliquid
2492 2181 2661 2253 exi-

491 2307 657 2380 gere
685 2337 705 2368 ‚
742 2281 912 2380 quia
938 2281 1211 2382 pariter
1240 2296 1352 2354 est
1378 2281 1610 2381 pretio
1647 2282 1920 2353 aestima
1979 2278 2076 2352 ile
2101 2334 2120 2367 ,
2153 2283 2434 2380 privare
2462 2305 2538 2351 se
2572 2280 2661 2352 in

407 2370 416 2380 ’
490 2380 797 2479 gratiam
844 2379 1263 2451 mutuatarii
1303 2380 1442 2452 hac
1494 2391 1843 2479 potestate
1889 2375 2392 2462 deliberandi,
2433 2376 2660 2449 desti-

487 2476 868 2576 nandique
898 2477 1290 2577 pecuniam
1338 2469 1433 2549 ad
1485 2475 1858 2573 negotium
1883 2532 1901 2564 ,
1935 2474 2106 2551 cum
2139 2502 2292 2548 non
2321 2490 2666 2549 teneatur

489 2575 708 2673 gratis
763 2599 845 2645 ea
896 2571 1026 2673 spe
1082 2588 1152 2646 et
1199 2589 1553 2673 potestate
1649 2576 1857 2647 rivari
1888 2604 1905 2650 ε
1936 2572 2170 2648 Proin.
2204 2574 2265 2646 si
2307 2575 2468 2673 quis
2502 2575 2664 2648 hae·

487 2686 671 2755 reat‚
693 2670 945 2745 utrilm
980 2698 1137 2745 cras
1171 2670 1349 2745 velit
1369 2671 1481 2745 vel
1509 2602 1701 2745 nollit
1729 2673 2019 2772 piscari,
2032 2671 2220 2746 bene
2247 2687 2482 2771 potest
2518 2672 2660 2745 ali-

548 2769 676 2843 uid
698 2769 978 2868 exigere
1001 2824 1019 2854 ‚
1051 2767 1212 2866 siin
1228 2773 1527 2868 gratiam
1548 2770 1654 2850 tui
1679 2796 1754 2842 se
1782 2769 2057 2866 obliget
2074 2769 2163 2842 ad
2187 2796 2339 2844 non
2365 2772 2664 2870 piscan-

486 2797 696 2943 dum.
772 2870 871 2944 Et
920 2866 1063 2942 hoc
1117 2892 1267 2942 non
1321 2867 1809 2969 improbabile
1857 2869 2146 2942 videtur
2174 2924 2193 2959 ,
2247 2867 2421 2941 cum
2489 2867 2657 2943 haec

487 2965 800 3069 privatio
835 2959 1269 3066 obligatoria
1293 3022 1311 3052 ‚
1347 2966 1520 3040 oiim
1561 2981 1897 3065 teneatur
1937 2981 2314 3066 mutuator
2348 2993 2664 3040 noure-

485 3078 737 3165 petere
781 3077 1128 3157 mutuum
1164 3089 1305 3167 per,
1336 3062 1644 3168 aliquod
1689 3080 1981 3165 tempus
2010 3122 2030 3157 ‚
2063 3068 2161 3138 sit
2195 3065 2443 3165 aliquo
2482 3091 2662 3165 pre-

483 3164 589 3237 tio
624 3160 1098 3237 aestimabilis·

585 3261 936 3355 Quamvis
986 3275 1228 3333 autem
1262 3261 1400 3335 sub
1436 3263 1643 3337 initio
1686 3261 1945 3335 liceret
1971 3263 2045 3335 in
2075 3275 2375 3361 pactum
2410 3259 2666 3336 dedu-

486 3369 652 3436 cere
676 3412 696 3445 ,
732 3371 815 3431 ut
867 3357 1182 3432 diximus
1208 3415 1226 3447 ‚
1258 3357 1615 3436 damnum
1674 3375 2108 3434 eventurum
2135 3417 2154 3447 ,
2184 3359 2304 3435 vel
2358 3358 2666 3434 lucrum
2759 3391 2766 3396 ·

382 3453 387 3459 ’
483 3456 925 3556 cessandum
948 3456 1336 3549 incertunu
1355 3451 1763 3559 numquam
1784 3472 2028 3534 tamen
2047 3456 2300 3534 licebit
2325 3456 2416 3530 ab
2442 3459 2662 3532 initio

367 3567 371 3570 “
485 3583 623 3658 per
651 3568 953 3655 pactum
985 3556 1266 3655 exigere
1312 3556 1740 3656 hujusmodi
1781 3558 2125 3633 interesse
2150 3616 2170 3648 ‚
2213 3570 2299 3629 ut
2332 3582 2667 3632 commu-

483 3655 678 3726 niter
717 3649 985 3726 docent
1017 3653 1217 3752 Lago
1249 3654 1323 3752 D
1388 3656 1503 3729 25.
1539 3682 1611 3729 n.
1659 3652 1793 3728 106
1822 3649 2029 3727 Azor
2056 3656 2099 3729 3
2129 3683 2210 3753 p.
2254 3656 2302 3727 l.
2359 3654 2404 3728 5
2459 3679 2528 3753 q.
2580 3653 2666 3733 3.

485 3750 801 3837 Concina
833 3767 929 3843 to..
960 3774 1001 3849 7
1019 3780 1097 3849 p.
1120 3751 1298 3851 446.
1332 3778 1410 3848 n,o
1454 3757 1523 3830 8.
1555 3753 1762 3826 Ratio
1784 3812 1806 3840 ,
1834 3756 2007 3851 quia
2047 3753 2109 3823 si
2147 3763 2435 3825 mutues
2471 3778 2663 3825 een-

479 3863 644 3924 tum
672 3903 688 3931 ,
720 3861 799 3917 et
821 3873 958 3947 pro
997 3847 1208 3940 lucro
1254 3841 1585 3934 cessante
1622 3852 1937 3949 accipias
1968 3849 2224 3923 decem
2262 3905 2279 3935 ,
2317 3875 2466 3945 non
2503 3855 2665 3950 jam

454 3959 792 4033 ‘mutuas
822 3959 1119 4018 centum
1143 4006 1160 4030 ,
1196 3947 1329 4036 sed
1390 3951 1783 4048 nonaginta
1820 3976 1838 4017 ε
1880 3949 2159 4048 privare
2196 3961 2440 4045 autem
2487 3974 2667 4040 mu-

477 4043 877 4117 tuatarium
906 4067 993 4144 erg
1018 4059 1230 4141 pacto
1261 4043 1426 4124 ante
1455 4063 1744 4149 tempus
1771 4044 2292 4134 commoditate
2316 4050 2666 4145 pecuniae

473 4149 832 4246 mutuatae
856 4196 878 4247 ἒ
918 4165 1102 4220 onus
1133 4158 1281 4235 est,
1308 4160 1393 4242 et·⁴
1409 4144 1606 4223 illud
1633 4146 2012 4245 imponere
2038 4159 2148 4220 est
2177 4170 2424 4223 usura.
2458 4144 2669 4221 Con-
