2950 4709
427 310 510 377 26
656 390 665 398 α
698 307 975 375 Lib.m.
999 274 1211 375 Tract.
1234 275 1438 376 VssDe
1456 267 1740 398 Septimo
1758 305 2077 398 Praecepto
2096 271 2317 373 Decal.
2443 377 2448 382 ,

421 418 642 492 Salm.
682 420 727 492 l.
762 446 823 493 c,
864 418 1062 518 quod
1101 419 1400 491 donatio
1452 418 1801 492 Ecclesiae
1838 418 2025 491 facta
2119 421 2294 492 ossit
2319 422 2357 491 a
2394 444 2587 519 quo-

424 543 742 615 cumque
779 517 1201 615 particulari
1253 519 1615 615 ac‘ceptari
1675 519 1969 589 nomine
2014 518 2064 587 il
2106 520 2241 590 ius.
2310 519 2608 590 Notant'
2707 547 2715 553 ·

419 620 769 716 praeterea
789 616 983 712 Lago
1012 619 1058 692 l.
1085 644 1146 690 c.
1180 632 1250 687 et
1279 615 1541 688 Sanclz.
1577 643 1646 684 η.
1691 637 1804 712 17,
1842 618 1914 688 in
1960 607 2185 712 dubio
2216 616 2304 688 de
2328 605 2590 688 'inten-

417 715 619 787 tione
643 713 979 785 donantis
998 717 1452 813 praesumi,eu
1468 742 1536 784 m
1558 713 1894 788 habuisse
1910 715 2234 786 animum
2253 715 2584 804 vovendi,
2605 749 2612 752 -

419 813 591 911 quia
631 814 705 884 in
757 814 988 884 causis
1053 814 1190 912 piis
1219 870 1236 898 ‚
1295 811 1474 886 dum
1528 813 1614 884 in'
1649 812 1972 885 absentia
2028 814 2410 911 promissio
2450 815 2588 898 fit,

421 910 910 983 communiter
970 911 1276 982 intentio
1344 911 1572 982 fertur
1628 911 1701 981 in
1746 913 2003 982 Deum.
2046 914 2161 983 An
2216 926 2587 982 autem'eo

419 1034 585 1080 casu
684 1011 857 1081 ossit
887 1011 1299 1109 Episcopus
1330 1010 1415 1080 'in
1447 1001 1586 1080 tati‘
1615 1009 2007 1081 donatione
2045 1007 2284 1081 adhuc
2316 1036 2586 1107 accep-

420 1110 568 1177 tata
597 1036 1050 1207 dispensare,
1088 1106 1240 1181 sine
1270 1105 1410 1180 loci
1452 1109 1548 1205 pii
1581 1109 1989 1180 consensu?
2024 1107 2408 1180 Probabile
2442 1122 2588 1191 est,
2633 1142 2639 1148 ·

416 1205 582 1277 vide
621 1207 709 1276 de
750 1209 821 1276 V
815 1221 928 1277 oto
957 1263 973 1292 ‚
1009 1233 1081 1278 η.
1127 1208 1262 1279 255
1303 1234 1356 1276 ν.
1398 1201 1721 1277 Dubium.
2183 1199 2188 1206 ’

292 1323 397 1382 ’νῦν
510 1304 757 1393 Quaer.
795 1330 836 1374 2
885 1303 1130 1376 utrum
1171 1301 1336 1375 ante
1377 1306 1954 1401 acceptationem
1991 1306 2316 1378 revocari
2356 1302 2592 1405 possit

415 1399 714 1474 donatio
763 1407 1176 1501 juramento
1231 1403 1569 1473 firmata?
1614 1402 1842 1499 Negat
1885 1403 2135 1497 Laym.
2179 1418 2369 1475 tract.
2412 1407 2481 1496 4.
2519 1429 2586 1475 c.
2629 1431 2653 1443 ··

424 1526 449 1571 ι
488 1526 558 1570 η.
609 1501 675 1573 3.
709 1527 865 1572 cum
901 1503 1181 1573 covarr.
1229 1502 1396 1599 quia
1444 1505 1943 1598 juramentum
1986 1500 2417 1573 servandum
2473 1516 2590 1573 est

411 1623 704 1695 semper
740 1625 823 1671 ac
861 1598 1017 1670 sine
1054 1607 1350 1698 'peccato
1388 1600 1655 1672 servari
1693 1602 1945 1697 possit.
1982 1598 2124 1672 Sed
2175 1602 2591 1672 communi-

411 1710 523 1767 ter
556 1695 915 1767 affirmant
949 1695 1211 1770 Sanch.
1241 1698 1328 1769 de
1366 1698 1584 1768 Matr.
1620 1699 1654 1767 l
1719 1725 1773 1769 1.
1804 1698 1898 1768 D.
1936 1721 1975 1794 7
2018 1702 2238 1790 n.·24.
2283 1698 2461 1768 Viva
2496 1700 2587 1782 cle

414 1795 655 1866 Contr.
710 1821 776 1893 q.
827 1800 897 1869 8.
941 1810 1068 1866 art.
1120 1822 1158 1867 2
1202 1819 1272 1868 n.
1328 1794 1394 1867 3.
1439 1822 1591 1865 cum
1645 1796 1853 1869 Trull.
1910 1796 2099 1868 Bon.
2145 1795 2363 1868 Salm.
2416 1794 2582 1869 ibid.

412 1918 483 1963 n.
517 1914 632 1989 70.
671 1920 825 1963 cum
854 1893 1022 1964 Pal.
1064 1893 1247 1965 Gult.
1284 1910 1352 1964 et
1379 1894 1558 1964 Mol.
1659 1894 1774 1964 uia
1815 1898 2306 1992 juramentum
2340 1887 2585 1992 sequi-

412 2003 536 2061 tur
587 2005 923 2063 naturam
975 1990 1178 2064 actfis
1211 2050 1230 2081 ‚
1291 1992 1617 2065 scilicet.
1672 1994 2074 2082 ouationiS,
2136 2019 2295 2091 quae
2355 1991 2446 2064 de
2506 2016 2586 2063 se

404 2089 842 2163 revocabilis
886 2107 1032 2177 est,
1087 2089 1320 2164 donec
1371 2104 1791 2191 acceptetur
1844 2117 1940 2163 ex
1974 2094 2018 2161 l.
2045 2090 2310 2187 finali,
2362 2089 2443 2162 C.
2497 2091 2590 2160 de

412 2212 556 2259 non
592 2215 666 2262 π.
692 2216 853 2284 pec.

297 2293 394 2361 728
468 2286 819 2378 ,Donatio
851 2288 1037 2359 facta
1079 2286 1360 2361 absenti
1399 2343 1419 2373 ,
1459 2290 1520 2359 si
1560 2314 1693 2387 per
1730 2265 2071 2360 nuntium
2125 2288 2296 2370 fiat,
2344 2298 2590 2386 potest
2707 2349 2717 2362 .

409 2386 729 2456 revocari
772 2442 788 2470 ‚
837 2385 1074 2458 donec
1112 2412 1357 2470 coram
1391 2388 1652 2458 nuntio
1691 2401 2111 2485 acceptetur
2143 2415 2160 2457 ε
2197 2411 2342 2457 non
2383 2388 2586 2456 enim

409 2482 722 2567 sufficit,
774 2485 830 2554 si
877 2498 1295 2582 acceptetur
1346 2510 1591 2556 coram
1646 2483 1803 2556 aliis
1838 2539 1857 2569 ‚
1902 2484 2106 2558 LesS.
2152 2486 2201 2556 l.
2255 2511 2321 2557 2.
2371 2511 2433 2554 c.
2501 2484 2586 2555 18

407 2605 480 2651 n.
508 2581 628 2673 43.
675 2583 747 2651 V
738 2581 849 2651 ἱνα
879 2582 1038 2656 dict.
1073 2596 1200 2658 art.
1247 2608 1314 2654 2.
1349 2607 1542 2659 num.
1580 2607 1628 2678 9
1656 2606 1810 2655 cum
1842 2580 2096 2653 Sancio
2125 2637 2144 2667 ‚
2187 2596 2256 2653 et
2272 2580 2584 2679 pluribus

407 2680 652 2748 contrd
677 2677 863 2777 Sylu.
904 2697 975 2751 et
1001 2679 1207 2751 alios.
1245 2679 1318 2751 Si
1345 2678 1517 2752 vero
1557 2680 1852 2752 donatio
1890 2679 2238 2753 offeratur
2262 2705 2393 2779 per
2422 2678 2587 2750 lite-

407 2800 570 2858 ras,
648 2777 828 2848 Vim
883 2777 1061 2850 dicit
1116 2777 1443 2851 sufficere
1478 2835 1495 2863 ‚
1552 2793 1635 2852 ut
1681 2779 1908 2851 literae
1966 2778 2060 2849 ad
2117 2778 2583 2850 denatat-ium

407 2877 887 2970 perveniant:
936 2878 1025 2949 At
1059 2876 1463 2950 Lewzihzd
1507 2904 1579 2950 n.
1622 2877 1742 2970 43.
1791 2894 1858 2947 et
1886 2875 2105 2948 Salm.
2143 2878 2218 2948 C.
2258 2880 2305 2968 4
2338 2902 2411 2946 n.
2456 2871 2580 2971 73.

409 2971 711 3059 dicunt,
744 2975 1017 3072 requiri
1064 2973 1378 3073 amplius
1411 3032 1428 3061 ,
1484 2990 1566 3049 ut
1614 2976 2080 3048 remittantur
2119 2975 2407 3060 litterae,
2466 2972 2585 3043 vel

408 3071 731 3142 nuntius.
753 3074 1272 3172 acceptationis
1306 3129 1323 3157 ‚
1358 3087 1438 3145 ut
1471 3074 1767 3144 donatio
1795 3075 1890 3145 sit
1923 3072 2188 3145 valida.

293 3201 392 3255 729
502 3170 741 3260 Quaer.
784 3172 851 3242 3.
892 3169 1136 3241 utrum
1179 3185 1341 3266 post
1370 3187 1681 3246 mortem
1718 3171 2059 3244 donantis
2100 3172 2324 3271 possit
2359 3165 2588 3264 dona{
2657 3220 2664 3223 ·

407 3267 506 3339 tio
561 3266 794 3341 valide
826 3269 1187 3368 acceptari
1225 3269 1669 3368 ssDistinguit
1697 3269 1904 3342 Less,
1939 3270 1983 3339 l.
2033 3296 2093 3341 2.
2130 3297 2190 3343 c.
2239 3271 2319 3340 18
2356 3294 2425 3338 n.
2461 3269 2578 3361 44.

406 3390 586 3438 vers.
643 3367 892 3452 Penes,
954 3394 1121 3449 cum,
1158 3369 1336 3438 Mol.
1409 3370 1480 3439 Si
1535 3367 1829 3454 donatio
1881 3372 2026 3467 jam
2077 3367 2265 3440 facta
2317 3367 2456 3450 sit,
2510 3379 2587 3437 et

405 3462 685 3534 donans
719 3465 884 3539 ante
920 3471 1225 3537 mortem
1262 3464 1503 3537 mittat
1541 3466 1885 3537 nuntium
1912 3523 1927 3548 ,
1964 3480 2088 3537 aut
2141 3464 2525 3566 epistolam
2562 3521 2582 3552 ,
2629 3484 2636 3488 ·

401 3576 581 3634 tunc
599 3578 1039 3650 censet,eam
1059 3590 1268 3663 posse
1288 3563 2086 3664 acceptariRatquuia
2104 3564 2399 3636 donatio
2419 3588 2588 3660 perf

400 3674 651 3731 manet
679 3662 1081 3735 virtualiter
1125 3664 1199 3734 in
1231 3662 1457 3733 literis
1488 3719 1505 3752 ,
1544 3661 1652 3734 vel
1688 3664 1949 3735 nuntio
1979 3665 2220 3735 misso.
2254 3665 2352 3734 Et
2381 3661 2584 3732 idem

403 3756 886 3856 probabiliter
924 3774 1172 3832 tenent
1207 3759 1445 3830 Sanch
1495 3762 1581 3832 de
1629 3761 1919 3831 Matrim
1970 3763 2015 3833 l.
2067 3790 2124 3833 t.
2168 3763 2257 3832 D.
2300 3758 2348 3831 6
2386 3786 2456 3829 n.
2504 3759 2575 3830 5.

401 3848 610 3953 α’ίᾳιιε
651 3855 870 3930 Salm.
914 3886 972 3930 c.
1014 3863 1057 3953 4
1096 3885 1167 3930 n.
1212 3858 1332 3955 75.
1376 3859 1567 3956 Lago
1600 3860 1695 3931 D.
1741 3851 1825 3931 2‘3
1866 3883 1937 3932 η’.
1977 3861 2091 3957 75.
2132 3877 2202 3930 et
2233 3864 2349 3933 81.
2400 3854 2584 3927 Vim

401 3955 560 4028 dict.
589 3968 718 4026 art.
756 3981 820 4025 2.
864 3957 1005 4029 Sed
1041 3956 1492 4055 probabilius
1530 3957 1671 4030 hoc
1709 3971 1979 4055 negant
2019 3958 2258 4056 Lopez
2288 4016 2303 4041 ‚
2345 3955 2575 4026 Isern.

406 4052 638 4149 Τίνας.
691 4053 952 4126 Decius
985 4111 1002 4137 .
1053 4071 1124 4125 et
1151 4055 1501 4148 alt'lapud
1545 4054 1807 4127 Sanch.
1851 4052 2017 4127 ibid.
2075 4071 2146 4128 et.
2189 4051 2578 4157 probabile

406 4164 655 4226 censet
689 4150 905 4229 Salm.
957 4154 1098 4228 dict
1138 4180 1206 4225 n.
1260 4153 1375 4251 75.
1429 4158 1604 4254 quia
1650 4167 1817 4255 post
1868 4153 2182 4232 mortem
2235 4153 2578 4229 donantis
