2950 4709
573 208 695 280 192
735 223 742 229 ·
829 184 1341 258 Lih.m.T1-act.
1361 185 1568 258 wne
1586 185 1872 288 Septimo
1894 184 2217 280 Praecepto
2230 183 2454 253 Decal.

567 300 800 372 Bone.
837 300 926 370 de
956 299 1194 371 Contr.
1234 323 1299 371 c.
1346 296 1390 371 3
1426 327 1494 398 q.
1535 300 1609 374 3.
1649 301 1724 373 V
1716 298 1830 371 ἱνα
1863 327 1935 400 q.
1960 323 2013 397 9
2047 312 2176 372 art.
2209 297 2252 369 3
2281 323 2352 370 n.
2384 323 2458 369 2.
2486 293 2709 367 Azor·
2794 337 2802 347 ·

568 411 741 471 tom.
776 395 820 469 3
862 395 972 469 lib.
1009 420 1062 494 9
1100 423 1165 470 c.
1214 397 1261 469 8
1346 448 1367 468 .
1414 423 1496 486 ro
1536 424 1692 471 cum
1731 396 2024 491 Sylvest.
2061 412 2131 469 et
2156 396 2330 492 Reg.
2360 393 2539 494 quia
2568 415 2712 502 sors

573 494 794 568 debet
816 509 1003 568 stare
1084 422 1362 568 ericufo
1409 497 1844 595 apponentis
1878 550 1896 581 ‚
1930 521 2045 569 res
2083 495 2279 568 enim
2307 519 2443 566 suo
2481 490 2718 563 domt-

572 619 672 665 no
730 593 944 694 perit.
1065 591 1485 667 robahiliter
1529 607 1774 667 tamen
1826 592 2068 668 licitus
2122 592 2280 666 fieri
2316 604 2609 693 potest,
2659 585 2719 664 si

575 691 963 789 adjiciatur
1000 687 1187 766 alius
1241 706 1660 765 contractus
1719 691 2306 775 assecurationis,
2358 712 2721 788 compen-

572 787 805 863 sando
858 790 1131 891 pastori
1186 814 1319 889 per
1376 794 1733 890 majorem
1787 804 2072 890 partem
2124 790 2512 868 fructuum
2547 807 2721 862 onus

573 887 740 962 talis
849 887 1108 961 ericuli
1157 888 1369 960 sortis
1436 888 1515 961 in
1569 915 1646 962 se
1703 890 2066 989 suscepti:
2098 888 2297 962 idem
2324 883 2622 959 Azoni.
2654 909 2727 977 c.-

574 1011 729 1062 cum
790 988 1042 1085 ylvest.
1082 1001 1155 1057 et
1189 987 1308 1058 An
1358 1042 1377 1061 .
1408 988 1719 1086 Roncag.
1751 989 1796 1064 l.
1836 987 1950 1066 cit.
1977 1009 2136 1059 cum
2164 986 2328 1058 Pal.
2344 1001 2500 1064 etc.
2549 983 2620 1056 V
2612 981 2717 1052 iva

574 1085 665 1155 de
698 1084 930 1155 Contr.
971 1110 1037 1182 q.
1060 1108 1113 1182 9
1135 1100 1262 1156 art.
1363 1110 1439 1160 n.
1474 1088 1522 1160 8
1553 1085 1931 1181 cumeNav.
1959 1084 2166 1165 Less.
2204 1085 2272 1156 T
2262 1082 2416 1156 rull.
2449 1078 2628 1154 Reb.
2659 1091 2722 1151 et

574 1181 732 1256 aliis
756 1238 778 1272 ‚
820 1185 1076 1258 contra
1119 1182 1393 1255 Bonae.
1438 1198 1517 1256 et
1559 1184 1718 1282 Reg
1760 1182 1856 1256 ib.
1916 1184 2048 1283 qui
2079 1183 2430 1260 videntur
2470 1179 2721 1252 docere

575 1278 799 1354 talem
821 1293 1282 1353 contractum
1308 1305 1461 1354 esse
1498 1281 1937 1372 usurarium,
1956 1282 2150 1381 quia,
2188 1279 2367 1352 dum
2393 1276 2724 1351 transfer·

577 1391 700 1451 tur
743 1377 1155 1479 periculum
1209 1377 1638 1463 animalium
1683 1380 1758 1451 in
1789 1377 2099 1452 alterum
2125 1432 2147 1465 ,
2187 1383 2336 1479 jam
2367 1374 2723 1452 transfer·-

579 1489 702 1549 tur
746 1503 1004 1552 eorum
1054 1475 1647 1577 dominiumper
1690 1476 2220 1561 venditionem,
2253 1502 2340 1549 ex
2378 1502 2535 1576 qua
2584 1496 2724 1546 non

580 1588 874 1649 tenetur
914 1574 1039 1650 ille
1084 1574 1393 1648 reddere
1432 1574 1570 1648 nisi
1618 1578 1989 1675 pretium3
2040 1574 2286 1661 unde,
2327 1574 2389 1648 si
2446 1586 2725 1674 partem

578 1672 960 1745 fructuum
996 1672 1258 1746 reddat
1285 1729 1305 1761 ‚
1345 1673 1675 1747 usurarie
1728 1672 2173 1748 reddit.-Sed
2199 1672 2403 1745 Less.
2437 1697 2599 1763 cap.
2635 1670 2719 1743 23

579 1769 742 1844 dub.
783 1772 826 1844 3
867 1785 939 1844 et
978 1771 1051 1844 V
1041 1771 1152 1843 iva
1191 1797 1350 1845 cum
1379 1770 1579 1845 Nae.
1626 1786 1703 1843 et
1740 1772 1900 1845 alitis·
1927 1828 1945 1857 ‚
2002 1771 2461 1870 respondent
2511 1774 2590 1842 in
2644 1791 2724 1841 eo

581 1894 754 1943 casu
790 1894 942 1942 non
968 1867 1219 1943 haberi
1252 1882 1708 1944 contractum
1752 1870 2192 1946 venditionis
2222 1924 2244 1955 ‚
2271 1867 2404 1943 sed
2437 1893 2724 1968 perma-

581 1993 757 2041 nere
791 1970 1259 2055 societatem.,
1290 1982 1367 2043 et
1395 1967 1690 2044 lucrum
1723 1967 1921 2043 licite
1952 1968 2142 2068 exigi
2173 1994 2306 2068 per
2331 1966 2547 2040 aliud
2571 1990 2722 2066 pac-
2794 1987 2801 1996 ·

584 2080 747 2139 tum
776 2068 1366 2154 assecurationi9‚
1405 2066 1626 2167 prout
1658 2066 1940 2143 dictum
1975 2082 2085 2141 est
2121 2067 2343 2166 supra
2369 2091 2448 2138 n.
2483 2063 2625 2139 608
2649 2064 2721 2135 iu

589 2167 989 2264 quaestione
1039 2167 1264 2239 trium
1325 2178 1808 2240 contractum.
1866 2166 2241 2258 Quantum
2283 2178 2538 2254 autem
2561 2189 2723 2263 pos-

586 2262 683 2336 sit
735 2264 815 2337 in
870 2263 1299 2362 hujusmodi
1347 2262 1846 2338 contractibus
1893 2263 2173 2362 accipi,
2222 2264 2324 2335 ait
2382 2261 2565 2335 Viva
2596 2262 2637 2333 l.
2666 2285 2722 2333 c.
2790 2298 2797 2306 ·

587 2360 934 2433 standum
973 2388 1127 2436 esse
1167 2362 1442 2462 judicio
1474 2362 1873 2463 peritorum
1906 2417 1924 2448 ,
1955 2361 2073 2436 vel
2109 2361 2311 2462 praxi
2346 2359 2722 2433 timorato-

587 2485 758 2532 rum
772 2464 1305 2563 cujuscumque
1328 2459 1472 2535 loci
1490 2487 1508 2546 ;
1538 2459 1880 2559 recteque
1900 2460 2130 2547 addit,
2155 2456 2569 2533 consultius
2588 2478 2721 2529 esse

590 2551 727 2629 hos
757 2571 1174 2631 contractus
1230 2559 1529 2631 seorsim
1563 2558 1776 2636 inire.
1810 2558 1929 2636 Ad
1954 2557 2245 2638 Bullam
2276 2571 2530 2630 autem
2560 2552 2723 2629 Sixti

589 2653 685 2726 V.
740 2653 1192 2728 Detestabile&
1216 2710 1236 2742 ,
1286 2655 1424 2740 ubi,
1452 2657 1938 2757 reprobantur
1973 2669 2396 2731 contractus
2425 2656 2722 2727 societa-

549 2753 724 2837 ‘tis,
761 2778 894 2856 per
950 2779 1133 2852 quos
1197 2769 1541 2846 cavetur,
1588 2768 1672 2826 ut
1715 2781 1798 2828 ca
1854 2753 2025 2829 itale
2079 2779 2370 2853 semper
2433 2752 2722 2830 domino

594 2849 878 2927 salvum
911 2852 1004 2923 sit
1023 2907 1046 2938 ‚
1073 2849 1276 2943 vide,
1317 2878 1484 2951 quae
1515 2782 2004 2952 responXeant
2032 2852 2184 2926 DD.
2210 2851 2413 2930 citati
2435 2852 2631 2925 dicto
2656 2874 2722 2922 n.

649 2952 742 3022 08
769 2978 827 3023 ν.
861 2951 988 3022 Ad
1012 2950 1290 3025 Rullum
1312 2951 1544 3048 suprd.
1573 2950 1770 3026 Bene
1801 2964 2044 3030 autem
2073 2950 2384 3024 advertit
2412 2949 2722 3044 Roncag·

594 2976 690 3120 {1³21
725 3047 796 3121 d.
837 3074 897 3121 c.
939 3048 1004 3124 3.
1038 3049 1216 3147 Reg.
1248 3048 1322 3120 in
1345 3047 1585 3148 praxi,
1609 3047 1802 3124 certe
1835 3050 2189 3150 injustum
2225 3075 2378 3121 esse
2411 3061 2725 3121 contrac-

597 3158 789 3236 tum,
827 3149 975 3246 quo
1010 3143 1351 3221 dominus
1380 3144 1509 3220 dat
1537 3147 1756 3222 boves
1788 3152 2174 3222 aestimatos
2207 3152 2405 3246 juxta
2438 3170 2724 3245 praesen-

534 3305 540 3314 .
595 3257 745 3317 tem
800 3243 1166 3333 valorem,
1224 3273 1397 3320 cum
1433 3260 1678 3345 pacto,
1732 3260 1851 3332 ut,
1918 3249 1975 3320 si
2015 3246 2444 3321 decrescant
2474 3300 2494 3329 ‚
2535 3242 2723 3317 finita

598 3345 980 3435 societate,
1006 3343 1204 3417 idem
1264 3345 1471 3420 valor
1513 3344 1794 3426 restitui
1832 3344 2131 3429 debeat;
2189 3346 2360 3445 quia
2420 3340 2725 3416 deterio-

598 3442 783 3514 ratio
829 3444 938 3515 rei
1001 3442 1096 3516 ad
1151 3440 1535 3518 dominum
1658 3442 1960 3527 ertinet,
2031 3443 2176 3515 nisi
2237 3440 2540 3518 aliunde
2597 3440 2723 3511 hoc

601 3533 955 3611 damnum
1018 3556 1554 3640 compensetur.
1659 3542 1678 3613 i
1726 3556 1972 3620 tamen
2041 3540 2325 3614 adesset
2386 3554 2722 3640 paetum,

603 3650 688 3709 ut
725 3638 802 3712 in
841 3639 996 3710 fine
1033 3640 1394 3712 societatis
1442 3663 1591 3712 non
1643 3638 1887 3712 solum
1950 3638 2248 3714 lucrum
2276 3696 2297 3730 ,
2352 3638 2486 3714 sed
2506 3638 2723 3709 etiam.

605 3759 759 3818 sors
801 3731 1228 3811 animalium
1263 3736 1653 3814 dividenda
1686 3737 1833 3812 sint
1862 3763 2035 3814 cum
2067 3739 2265 3818 socio
2293 3793 2313 3827 ‚
2374 3750 2553 3810 tunc
2587 3756 2723 3805 nou

601 3832 912 3930 quidem
964 3834 1496 3934 injustumxerit
1535 3851 1868 3936 pactum,
1904 3848 2022 3921 ut,
2048 3837 2134 3908 -si
2166 3837 2463 3910 interim
2490 3840 2726 3933 pereat

609 3930 922 4029 capitale
946 3988 966 4021 ‚
1014 3949 1259 4032 pastor
1291 3934 1664 4010 restituere
1696 3948 2028 4016 teneatur
2058 3931 2361 4008 domino
2394 3930 2728 4006 medieta-

609 4042 761 4104 tem
811 4029 1076 4138 sortis7
1114 4030 1336 4131 prout
1381 4031 1661 4109 dictum
1699 4047 1805 4110 est
1854 4036 2083 4133 §.upra
2130 4058 2313 4120 rer-52
2351 4023 2733 4133 Quat-IV,
