2950 4709
525 229 660 324 8⁸54·
915 250 1063 348 Lib·
1091 245 1352 322 W-De
1380 231 1577 322 Praec.
1609 235 2133 345 particularibuS,
2158 247 2303 322 etc-'⁴
2461 341 2471 352 ·
2682 339 2693 350 ·

527 377 602 440 et
635 359 828 435 idem
857 373 1111 448 tenent
1145 366 1437 439 Holzm.
1455 379 1624 463 p'ag.
1655 365 1823 460 432.
1857 393 1931 437 n.
1968 367 2136 458 422.
2162 392 2320 438 cum
2346 357 2598 434 Anacl.
2627 365 2701 433 el

521 460 768 559 Ange!
790 515 808 546 ,
838 462 1058 534 Croix
1076 465 1121 534 l.
1147 465 1193 559 4
1216 491 1285 537 n.
1330 463 1501 564 627.
1531 490 1685 535 cum
1723 463 1949 535 Gonz.
1979 464 2187 536 Leur.
2223 480 2295 534 et
2328 463 2511 532 Lott.
2547 461 2693 531 Ra&

527 563 631 633 tio
658 616 677 647 ‚
709 559 878 657 quia
893 558 1141 652 forma
1172 567 1414 636 revera
1453 589 1602 635 non
1627 564 1987 659 significat
2016 559 2156 633 nisi
2187 560 2528 644 modum,
2559 569 2692 629 'seu

524 657 753 735 ritum
774 671 1154 732 externum
1180 662 1256 732 in
1287 659 1713 733 hu‘u‘smodi
1744 659 2260 733 collationibus
2289 663 2327 729 a
2357 656 2689 731 Concilio

523 756 1042 858 praescriptum
1085 811 1102 840 ‚
1164 688 1430 858 nempiz
1493 759 1817 832 edictum
1866 817 1887 849 ‚
1946 782 2393 831 concursum
2440 812 2462 846 ‚
2532 761 2698 825 exa-1¹

525 880 702 928 men
731 909 750 940 ‚
783 870 919 928 etc.
951 856 1170 949 Quod
1197 858 1437 956 autem
1465 856 1752 956 dignio't'·
1781 857 2148 954 judicetur
2176 855 2268 927 ab
2296 856 2690 953 Episcopo,

527 971 682 1027 non
736 955 1051 1066 pertinet
1096 953 1208 1028 ad·
1236 956 1546 1029 formam
1577 1013 1596 1046 ‚
1635 956 1764 1028 sed
1804 957 1895 1028 ad
1936 953 2315 1027 internum·
2342 950 2696 1051 ‘Episcopi

527 1051 892 1150 judicium
928 1112 943 1137 ,
980 1057 1019 1125 a
1127 1080 1219 1127 uo
1265 1081 1416 1127 non
1467 1053 1687 1126 debet
1728 1053 2047 1153 pendere
2081 1052 2419 1124 validitas
2458 1047 2699 1123 colla-³

527 1150 754 1223 tionis
788 1173 807 1241 ;
841 1175 1011 1224 nam
1049 1079 1224 1224 ains
1254 1210 1271 1241 ,
1308 1155 1367 1225 si
1418 1152 1829 1252 Episcopus
1864 1152 2160 1250 elegerit
2210 1178 2423 1235 eum,
2476 1171 2698 1248 quem

526 1245 777 1321 minus
819 1249 1120 1346 dignum
1161 1252 1591 1349 judicaverit
1621 1306 1638 1334 ,
1674 1250 1950 1322 etiamsi
1984 1251 2111 1321 ille
2148 1253 2398 1321 revera
2431 1251 2527 1318 sit
2556 1246 2698 1342 dig·

525 1347 721 1430 nior,
752 1347 887 1419 erit
913 1348 1139 1421 nulla.
1170 1351 1530 1423 Praeterea
1555 1352 1624 1421 S.
1643 1349 1813 1421 Pius
1830 1350 1904 1421 in
1927 1375 2053 1428 sua
2076 1347 2293 1420 Bulla
2314 1343 2700 1445 praescrip·

529 1448 650 1530 sit,
682 1471 717 1516 a
780 1445 1250 1544 pellationem
1278 1448 1783 1547 interpositam
1817 1472 1960 1517 non
1991 1445 2324 1541 impedire
2348 1501 2367 1533 ‚
2407 1441 2698 1541 quemi-³

528 1541 674 1616 niis
694 1570 732 1614 e
767 1546 954 1615 ectio
978 1571 1108 1644 per
1124 1547 1596 1620 Ordinarium
1623 1547 1860 1645 primo
1880 1545 2043 1617 loco
2065 1545 2249 1616 facta
2269 1543 2570 1613 interim
2590 1564 2698 1610 ex·

531 1642 855 1713 ecutioni
879 1643 1297 1729 mandetur,
1315 1661 1384 1718 et
1411 1645 1771 1745 provisus,
1797 1647 2009 1715 causa
2036 1642 2404 1741 pendente
2426 1699 2442 1722 ‚
2474 1638 2566 1710 ab
2586 1664 2694 1709 ea-

532 1736 703 1810 dem
738 1740 1073 1813 Ecclesia
1097 1767 1243 1814 non
1272 1755 1701 1815 amoveatur.
1727 1739 1966 1840 Ergo(
1988 1739 2173 1813 bene
2197 1739 2437 1836 arguit
2469 1732 2698 1834 Lago)

530 1834 796 1909 electio
816 1838 999 1912 facta
1022 1841 1158 1912 erit
1179 1837 1419 1913 valida
1439 1897 1457 1931 ,
1486 1838 1723 1911 donec
1736 1839 1783 1912 J
1788 1840 1974 1912 udex
2000 1836 2521 1937 appellationis
2547 1860 2694 1906 eam

528 1952 823 2009 revocet
852 1960 870 2026 ;
906 1935 1234 2038 alioquin
1259 1997 1278 2029 ‚
1314 1939 1529 2012 etiam
1564 1935 2056 2038 appellatione
2085 1962 2235 2008 non
2262 1936 2456 2006 facta
2482 1991 2499 2023 ‚
2525 1933 2697 2005 elec·

530 2032 638 2103 tio
677 2027 879 2107 n'ulla
916 2033 1229 2109 dicenda
1280 2049 1491 2110 esset.
1533 2038 1809 2109 Omnes
1843 2050 2089 2107 autem
2134 2034 2588 2106 conveniunt
2624 2032 2694 2101 in

425 2123 439 2133 ⁹
536 2128 895 2224 dicendo,
933 2133 1137 2233 quod
1181 2132 1622 2209 difficillime
1733 2134 1907 2206 ossit
1954 2134 2029 2205 in
2067 2158 2151 2205 eo
2188 2158 2359 2205 casu
2395 2129 2696 2228 judicari

533 2253 674 2329 pro
706 2232 1164 2331 appellante,
1198 2260 1370 2307 cum
1396 2238 1631 2332 major
1708 2232 1966 2330 ignitas
1993 2231 2206 2304 electi
2225 2255 2379 2300 non
2411 2226 2691 2300 tantum

535 2328 863 2426 pendeat
894 2335 932 2404 ὲ
970 2333 1270 2408 scientia
1304 2387 1322 2418 ,
1360 2329 1747 2414 sedetiam
1795 2329 1888 2401 ab
1924 2330 2085 2403 aliis
2120 2328 2491 2427 requisitis
2529 2333 2695 2424 pru*

539 2423 806 2499 dentiae
843 2482 863 2514 ‚
913 2429 1342 2526 integritatis
1379 2488 1397 2515 ‚
1448 2428 1881 2528 aptitudinis
1920 2483 1938 2513 ‚
1993 2430 2277 2500 etc.·Et
2317 2423 2491 2497 ideo
2530 2450 2697 2523 prae·

538 2526 861 2622 sumptio
904 2554 1194 2626 semper
1228 2542 1335 2602 est
1419 2555 1499 2601 ro
1539 2527 1899 2602 electione
1926 2526 2346 2613 Ordinarii3
2386 2523 2530 2594 nisi
2561 2521 2700 2594 evi-'-

541 2618 803 2792 degter
831 2626 1101 2795 injusga
1123 2685 1143 2713 ,
1183 2641 1255 2700 et
1280 2556 1540 2706 doqosa
1570 2626 1928 2726 probetur
1948 2682 1967 2715 ,
2002 2639 2084 2698 ut
2108 2632 2318 2723 ajunt
2344 2622 2545 2719 Lago
2572 2621 2618 2695 l.
2640 2625 2699 2693 c:

541 2735 615 2790 et
685 2748 732 2791 a
756 2748 852 2795 m.
888 2749 960 2798 n.
1149 2779 1165 2797 .
2223 2749 2231 2762 ·
2402 2749 2409 2754 ·
2564 2758 2569 2766 ·

422 2815 556 2920 ³⁰4⁵
639 2821 889 2912 Quaer.
916 2726 1191 2896 IV.4Kn
1220 2819 1568 2921 obligatio
1599 2822 1913 2920 eligendi
1948 2820 2310 2920 digniores
2349 2816 2445 2896 ad
2470 2801 2699 2892 =Bene·⁴

541 2917 706 2990 ficia
733 2935 979 2994 curata
1009 2979 1028 3009 ‚
1063 2923 1462 3022 praesertim
1493 2921 1587 2993 ad
1624 2922 2106 3022 Episcopatus
2134 2975 2153 3008 ‚
2186 2919 2285 2989 ita
2314 2911 2601 3016 urgeat,
2629 2926 2703 3010 ut

541 3014 807 3090 debeat
861 3020 1277 3118 Episcopus
1327 3018 1620 3121 dignior
1671 3019 1760 3091 ab
1818 3046 1959 3090 una
2000 3015 2337 3090 Ecclesia
2380 3016 2476 3088 ad
2526 3013 2701 3087 alte-

537 3139 702 3186 ram
729 3119 1076 3215 majorem
1113 3119 1488 3191 transferri
1530 3118 1561 3187 ?
1599 3119 1773 3206 Haec
1801 3118 2102 3216 quaestio
2129 3129 2279 3186 tota
2313 3114 2585 3212 pendet
2619 3109 2699 3182 ab

542 3210 687 3283 alia
715 3273 737 3299 ,
772 3213 1125 3287 nimirum
1155 3270 1174 3302 ‚
1204 3242 1296 3288 an
1333 3207 1715 3302 translatio
1747 3217 2291 3313 Epis'coporum
2330 3215 2426 3283 sit
2456 3209 2705 3311 probi-⁶

538 3307 695 3390 bita
738 3317 896 3408 jure
928 3314 1229 3403 Divino,
1255 3315 1369 3386 vel
1414 3315 1735 3385 humano
1762 3312 1795 3385 Ξ)
1824 3317 2299 3413 Quapropter
2326 3312 2530 3392 hanc
2564 3308 2703 3380 dis-

541 3422 796 3480 cutere
842 3426 1152 3510 oportet.
1186 3413 1433 3484 Prima
1467 3413 1822 3485 sententia
1866 3426 2102 3495 tenet,
2151 3408 2700 3480 translationem

536 3505 1085 3607 Episcoporum
1124 3536 1276 3584 esse
1313 3510 1599 3582 tantum
1639 3512 1934 3583 vetitam
1965 3508 2055 3582 de
2095 3513 2255 3606 jure
2301 3505 2704 3579 Ecclesias-

538 3603 729 3684 tico}
767 3619 847 3676 ut
881 3606 1286 3707 disponunt
1303 3609 1535 3679 Leo'I.
1574 3609 1708 3707 Ep.
1739 3613 1861 3681 82.
1896 3603 2227 3677 Golas-ius
2257 3605 2486 3700 Epist.
2508 3607 2559 3676 6
2584 3617 2707 3674 etc.

531 3699 749 3774 'Ratio
774 3757 792 3786 ‚
829 3708 1001 3801 quia
1040 3707 1219 3778 alias
1245 3761 1264 3792 ‚
1306 3707 1366 3777 si
1405 3720 1593 3786 esset
1624 3706 1836 3778 vetita
1876 3704 2167 3804 de‘jure
2207 3704 2475 3774 Divino
2511 3759 2527 3790 ‚
2565 3721 2702 3772 non

541 3799 903 3874 sufficeret
934 3804 1283 3902 quaelibet
1319 3806 1521 3877 utilis
1551 3861 1570 3891 ‚
1611 3818 1684 3876 et
1722 3806 2021 3876 honesta
2052 3827 2265 3874 causa
2296 3801 2385 3870 ad
2417 3801 2706 3898 dispen-

542 3895 855 3998 sandum
889 3926 906 3990 ;
933 3901 1062 3976 sed
1092 3903 1164 3974 in
1185 3931 1342 3994 cap.
1367 3902 1632 3973 Niside
1649 3903 1958 3978 Renum.
1994 3899 2329 3974 Pontifex
2358 3954 2376 3983 ‚
2407 3897 2703 3996 loquens

431 3991 444 4028 ἶ
546 3992 638 4065 ‘de
691 3997 1228 4072 renuntiatione
1257 3993 1797 4100 Episcopatfis5
1826 3997 2162 4099 expresse
2204 3997 2388 4070 dixit
2440 4025 2455 4066 ε
2516 3997 2610 4065 [It
2651 3989 2712 4062 si

530 4109 820 4188 propter
842 4097 1148 4196 aliquam
1172 4095 1460 4176 causam
1496 4098 1727 4175 utilem
1752 4115 1825 4174 et
1843 4097 2216 4174 honestam
2251 4096 2329 4172 in
2354 4091 2700 4194 hujusmo-
