2950 4709
427 250 511 322 14
664 248 809 316 Lib.
830 249 945 316 111.
968 247 1184 317 Traet.
1203 249 1321 320 VI.
1343 250 1445 319 De
1461 250 1748 344 Septimo
1764 250 2086 343 Praecepto
2101 245 2329 317 necat.

418 363 516 436 sit
558 361 717 462 ipso
770 360 961 435 facto
996 360 1420 435 invalidus?
1454 363 1682 437 Adest
1720 364 1810 436 tri
1866 362 1991 435 lex·
2013 360 2373 435 sententia
2412 379 2603 455 pro-

418 459 713 533 babilis.
749 460 998 531 Prima
1030 462 1384 534 sententia
1419 459 1774 549 affirmat·;
1810 390 2014 536 statio
2065 487 2089 532 ι
2141 459 2310 559 quia
2348 456 2409 528 s'i
2438 455 2596 526 hu·-

420 558 745 659 jusmodi
793 572 1210 631 contractus
1258 558 1692 634 naturaliter
1727 573 1915 634 esset
1961 557 2286 647 validus,
2323 579 2410 628 ex
2462 553 2600 624 in-
2645 597 2657 606 '

420 659 695 757 justitia
755 657 1067 729 oriretur
1104 658 1378 755 justitia
1408 713 1427 746 ‚
1465 681 1640 731 cum
1672 683 1760 732 ex
1808 671 2185 732 contractu
2222 679 2352 754 per
2385 654 2599 749 inju-

417 756 606 827 riam
644 769 925 830 extorto
954 751 1266 846 oriretur
1291 755 1636 854 obligatio
1671 810 1690 845 ‚
1728 781 1890 855 quae
1912 769 2019 831 est
2037 769 2239 830 actus
2265 750 2588 851 justitiae.

419 854 626 926 Ratio
657 879 698 926 2
729 855 924 952 quia,
950 855 1010 925 si
1030 867 1450 927 contractus
1478 854 1770 945 valeret,
1797 856 2052 954 utique
2080 852 2593 924 transferretur

421 951 831 1025 dominium
864 953 969 1025 rei
1005 951 1290 1024 traditae
1319 1010 1337 1037 ,
1389 968 1463 1027 et
1501 968 1782 1027 metum
1812 949 2177 1027 incutiena
2210 975 2372 1021 eam
2401 945 2590 1019 reti-
2647 1015 2656 1018 -

416 1075 594 1123 nere
623 1066 910 1150 posset,
942 1050 1047 1122 sal
1061 1066 1207 1123 tem
1242 1076 1474 1149 usque
1503 1052 1595 1124 ad
1624 1053 1669 1126 J
1672 1051 1910 1142 udicis
1935 1049 2368 1125 sententiam
2397 1070 2415 1130 ς
2454 1040 2588 1116 sed

321 1166 339 1186 ⁸
417 1147 564 1220 hoc
597 1175 851 1220 omnes
892 1164 1157 1246 negant
1181 1149 1406 1246 ;.ergo
1435 1164 1858 1224 contractus
1897 1175 2028 1250 per
2055 1174 2132 1221 se
2160 1158 2269 1219 est
2305 1142 2587 1230 nullus,

414 1246 679 1319 saltem
723 1246 813 1318 de
861 1251 1019 1344 jure
1078 1248 1384 1348 positivo
1410 1305 1431 1337 ‚
1471 1274 1558 1320 ex
1587 1249 1638 1318 l.
1683 1248 1823 1362 Qui
1848 1247 1917 1320 ίη
1950 1270 2331 1329 carcerem,
2379 1243 2582 1336 32ffi

416 1345 509 1414 de
540 1369 626 1415 co
661 1346 852 1441 quod
901 1352 1129 1417 metas
1178 1346 1447 1437 causa,
1487 1344 1617 1420 ubi
1665 1346 1938 1419 d1citur
1984 1354 2441 1418 contractum
2497 1362 2590 1410 ex

414 1456 618 1514 metu
664 1442 930 1515 initum
959 1501 976 1531 ,
1018 1441 1271 1515 nullius
1326 1468 1486 1517 csse
1535 1444 1888 1518 momenti.
1941 1445 2049 1517 Ita
2114 1441 2294 1513 Mol.
2324 1455 2372 1512 t.
2413 1462 2453 1508 2
2485 1436 2585 1506 D.

416 1538 561 1612 326
585 1541 662 1611 F
657 1542 742 1615 cl.
775 1541 940 1613 Pot.
971 1539 1061 1611 de
1096 1540 1331 1613 Contr.
1357 1568 1430 1614 n.
1447 1623 1451 1627 ,
1471 1540 1661 1640 2359
1685 1568 1843 1615 cum
1886 1542 1955 1614 V
1948 1542 2039 1613 ill.
2065 1539 2281 1612 Dian.
2304 1534 2585 1608 Leand.

413 1637 593 1711 item
639 1636 823 1737 Sylo.
868 1633 1155 1713 Rcbbel.
1200 1654 1271 1712 ct
1297 1639 1427 1711 alii
1470 1642 1666 1737 apud
1689 1638 1905 1742 δαίτῃ.
1933 1640 2019 1711 de
2052 1640 2402 1710 Contract.
2436 1659 2499 1706 c.
2548 1656 2577 1704 1

414 1760 491 1808 n.
520 1761 641 1826 ιο,
671 1735 799 1835 qui
816 1735 1280 1836 probabilem
1305 1751 1593 1829 vocant.
1628 1736 1951 1811 Secunda
1970 1734 2329 1811 sententia
2357 1741 2584 1815 tenet,
2617 1787 2625 1795 .

415 1848 841 1922 contractus
877 1836 1224 1932 gratuitos
1276 1861 1430 1910 esse
1475 1834 1835 1910 invalidos
1871 1891 1891 1923 ‚
1931 1859 2084 1908 non
2116 1831 2291 1906 vero
2317 1854 2590 1902 onero-

410 1957 559 2006 sos,
594 1934 698 2005 Ita
730 1930 875 2007 Sot.
906 1933 978 2004 in
1033 1936 1078 2026 4
1122 1934 1218 2008 D.
1260 1959 1351 2032 29
1379 1961 1448 2035 q.
1498 1961 1527 2008 1
1569 1950 1706 2008 art.
1747 1935 1791 2010 3
1833 1935 2049 2006 Pont.
2085 1932 2174 2004 dc
2204 1932 2423 2003 Matr.
2458 1927 2504 2004 l.
2533 1926 2585 2020 4

412 2056 474 2122 ι’.
506 2030 664 2105 6ἠ.
714 2032 761 2123 4
798 2058 955 2103 cum
992 2032 1267 2109 Media.
1319 2033 1539 2132 Arag.
1572 2032 1746 2106 Rcb.
1783 2047 1913 2107 cic.
1952 2044 2027 2106 et
2063 2027 2310 2129 quoad
2345 2026 2588 2099 dona-

411 2129 648 2228 tiones
703 2130 862 2203 haec
908 2131 1202 2205 videtur
1241 2156 1396 2206 esse
1426 2132 1525 2206 D.
1579 2130 1721 2203 Th.
1755 2156 1798 2203 2
1840 2157 1904 2207 2.
1932 2156 2000 2230 q.
2039 2130 2136 2227 89
2163 2140 2293 2200 art.
2328 2151 2369 2225 7
2410 2122 2512 2195 ad
2536 2122 2581 2197 3

410 2226 547 2299 uhi
579 2229 677 2300 ait
711 2256 726 2299 z
765 2228 959 2301 Talis
994 2229 1314 2329 obligatio
1345 2229 1747 2345 tollitur-per
1779 2227 2235 2314 coactionem,
2270 2222 2430 2322 quit>
2446 2221 2585 2308 ille,

459 2327 538 2396 ui
560 2327 692 2396 vim
713 2325 961 2417 intulit,
974 2325 1109 2399 hoc
1127 2345 1442 2415 merctur,
1461 2344 1544 2400 ut
1553 2352 1618 2400 cz
1639 2327 2058 2424 promissum
2087 2349 2232 2395 non
2253 2336 2584 2395 servetur.

410 2351 625 2497 {atio
656 2479 674 2511 ‚
709 2424 878 2521 quia
909 2424 1003 2497 ad
1029 2424 1412 2498 liberalem
1432 2425 1937 2509 donationem,
1964 2421 2061 2495 ad
2089 2418 2585 2494 differentiam

414 2519 734 2593 aliorum
787 2536 1297 2596 contractuum
1332 2571 1369 2614 ·,
1426 2525 1830 2623 requiritur
1891 2521 1983 2595 de
2047 2525 2203 2620 jure
2264 2515 2583 2607 naturali
2633 2567 2644 2576 .

411 2619 752 2700 voluntas
805 2619 1106 2694 omnino
1157 2619 1415 2694 libera.
1460 2623 1689 2695 Tertia
1718 2618 1893 2694 vero
1928 2617 2282 2700 sententia
2315 2612 2584 2714 proba-

410 2713 638 2789 bilior
695 2732 769 2790 et
814 2721 1456 2809 communissima,
1490 2747 1713 2821 quam
1743 2733 1997 2793 tenent
2032 2716 2226 2812 Lago
2256 2714 2344 2783 de
2380 2713 2583 2783 Con-
2635 2773 2640 2778 .

410 2830 609 2888 tract.
660 2815 756 2889 D.
802 2841 890 2889 22
939 2843 1013 2892 n.
1062 2818 1191 2892 115
1239 2819 1446 2893 Less.
1480 2820 1526 2893 l.
1574 2845 1614 2891 2
1661 2844 1725 2894 c.
1794 2841 1872 2917 17
1922 2815 2082 2889 dub.
2116 2816 2166 2888 6
2203 2810 2332 2912 qui
2364 2823 2577 2883 vocat

410 2912 567 2987 fere
616 2940 1087 3012 communem
1119 2974 1139 3008 ‚
1177 2914 1397 2989 Salm.
1442 2918 1608 2990 dicu
1640 2942 1706 2993 c.
1751 2942 1775 2991 1
1830 2942 1903 2988 n.
1948 2941 1972 2988 1
1999 2908 2454 3006 1·Roncoglia
2491 2909 2582 2979 dc
2617 2927 2624 2934 ·

414 3011 762 3083 Contract.
808 3039 967 3111 cap.
1018 3040 1137 3088 un.
1175 3032 1415 3115 quoest.
1446 3018 1494 3109 4
1537 3017 1633 3087 R.
1693 3043 1732 3089 1·
1778 3011 1932 3087 Fill.
1955 3024 2152 3084 tract.
2191 2999 2282 3083 33
2319 3034 2383 3080 c.
2423 3030 2465 3076 2
2497 3032 2579 3079 n.

416 3109 508 3182 32
546 3108 767 3182 Azor.
815 3126 863 3183 t.
928 3138 953 3185 1
1008 3113 1056 3186 l.
1120 3141 1146 3186 1
1192 3141 1274 3188 c.‡
1320 3141 1346 3188 1
1371 3141 1394 3187 1
1431 3114 1786 3188 Renzidc
1815 3112 2138 3184 Contr..c.
2177 3107 2220 3181 5
2256 3119 2493 3205 quaest.
2531 3103 2576 3177 3

411 3205 597 3282 Viva
625 3235 693 3308 q.
746 3234 771 3281 1
827 3227 956 3281 αιΐ.
994 3210 1039 3285 3
1090 3237 1177 3310 n.⁸
1211 3237 1283 3284 11
1332 3226 1405 3285 et
1444 3209 1971 3304 alii-innumeri
1998 3266 2015 3294 ,
2056 3207 2310 3293 docet,
2351 3200 2579 3274 talem

413 3320 876 3382 contractum
923 3334 1076 3383 esse
1117 3307 1419 3409 quidem
1458 3307 2044 3397 rescindibilem‚
2078 3331 2231 3377 non
2263 3299 2440 3374 vero
2475 3304 2577 3376 in·

412 3402 742 3477 validum
773 3462 791 3492 ,
841 3433 1085 3508 neque
1142 3408 1232 3480 de
1277 3413 1437 3508 jure
1498 3406 1812 3481 naturali
1843 3461 1862 3491 ‚
1932 3428 2174 3505 neque
2234 3400 2572 3499 positivo.

411 3498 581 3572 Non
626 3507 983 3591 naturali,
1076 3508 1195 3581 uia
1245 3522 1482 3581 metus
1546 3531 1696 3580 non
1756 3503 1944 3578 tollit
1978 3499 2409 3600 simpliciter
2440 3524 2576 3570 vo-

408 3595 820 3673 luntarium
850 3659 869 3688 ,
920 3619 1003 3677 ut
1024 3533 1133 3677 (Ξ).
1171 3604 1422 3678 Thom.
1465 3632 1489 3678 1
1534 3630 1576 3676 2
1606 3630 1679 3704 q.
1707 3604 1760 3679 6
1788 3617 1921 3677 art.
1950 3603 2018 3675 6.
2054 3599 2222 3672 Non
2257 3600 2416 3693 jure
2448 3622 2582 3696 po·

414 3696 663 3786 sitive,
706 3697 879 3772 dum
942 3704 1017 3775 in
1065 3706 1110 3775 l.
1152 3702 1239 3790 Si
1270 3703 1520 3774 mulier
1531 3705 1631 3798 ff
1670 3701 1757 3773 de
1794 3728 1878 3773 eo
1932 3698 2124 3796 quod
2167 3709 2396 3765 metus
2443 3707 2576 3768 εἴθ’.

352 3807 362 3814 ’
414 3797 845 3895 praecipitur
874 3801 917 3872 J
923 3799 1261 3875 udicibus
1315 3814 1396 3874 ut
1433 3800 1613 3874 tales
1646 3810 2065 3874 contractus
2097 3791 2522 3865 rescindant
2552 3814 2572 3879 ;

414 3894 590 3988 ergo
624 3922 754 3994 per
785 3922 860 3968 se
896 3898 1011 3971 lex
1049 3899 1269 3973 habet
1303 3924 1426 3972 eos
1464 3915 1547 3972 ut
1583 3899 1886 3996 validos.
2271 3949 2279 3956 ·
2557 3911 2566 3922 '

492 3993 793 4093 ⁸Excipe
817 4010 1062 4069 tamen
1094 3999 1553 4088 Matrimonia
1584 4023 1717 4100 per
1745 4008 2022 4069 metum
2048 4013 2337 4087 gravem
2369 3987 2570 4076 inita,

420 4115 585 4191 quae
624 4093 821 4173 certe
861 4122 995 4196 per
1032 4121 1107 4174 se
1145 4111 1320 4173 sunt
1357 4096 1574 4177 nulla
1614 4121 1704 4172 ex
1757 4100 1915 4194 jure
1951 4088 2356 4169 Canonioo.
2380 4082 2573 4168 Vide
