2950 4709
593 217 724 292 420
1005 221 1152 292 Lib.
1185 219 1306 294 IV.
1338 221 1440 293 De
1467 220 1666 292 Proec.
1700 223 2237 316 particularibus,
2268 245 2392 298 etc.
2504 291 2511 298 .

589 337 790 435 apud
808 335 879 413 S.
932 338 1190 414 Thom.
1231 337 1365 415 loc.
1398 337 1509 412 cit.
1560 339 1633 412 Si
1668 340 1865 412 Deus
1909 338 2075 416 vult
2115 341 2459 428 Animam
2512 337 2629 413 ad
2684 364 2765 413 s·

588 449 922 514 vocatam
956 435 1293 512 oblivisci
1339 440 1631 512 Patrem
1663 494 1683 527 ,
1711 451 1784 530 et
1815 437 2118 510 domum
2155 438 2385 511 Patris
2423 495 2443 526 ,
2479 463 2775 535 sugge-

585 537 688 611 rit
726 537 850 627 ,uti
906 533 999 610 ue
1045 562 1175 635 per
1232 535 1375 610 hoc
1400 590 1419 622 ,
1473 551 1770 609 vocatus
1822 535 2102 635 abipso
2134 535 2225 608 ad
2248 535 2716 634 Religionem
2746 589 2777 623 ,

585 659 739 708 non
782 631 873 707 de
931 649 1003 707 et
1043 661 1348 708 suorum
1389 635 1797 707 carnalium
1853 633 2243 706 consilium
2281 637 2769 733 interponere

585 731 1012 809 Vocationis
1043 733 1522 828 executioni).
1552 736 1651 806 Et
1686 734 1753 803 S.
1797 731 2114 831 Cyrillus
2148 732 2349 833 apud
2400 734 2767 808 eumdem

585 829 655 906 S.
692 830 958 904 Thom.
996 829 1180 905 ibid.
1214 829 1588 929 explicans
1613 829 1805 902 illud
1838 860 1857 900 ε
1888 831 2126 904 Nemo
2149 831 2432 903 mittens
2464 855 2765 903 manum

586 952 790 1000 suam
811 930 912 1004 ad
918 944 1244 1017 aratrum,
1264 943 1337 1000 et
1355 927 1729 1024 respiciens
1746 931 1944 1019 retro,
1964 942 2171 1026 aptus
2188 944 2300 1001 est
2318 929 2579 1026 Regno
2606 925 2777 999 Deis

583 1025 755 1101 Luc.
787 1050 863 1125 9.
905 1026 1026 1100 62.
1059 1026 1303 1125 inquit
1333 1053 1352 1096 ε
1385 1025 1664 1122 Aspicit
1687 1028 1866 1097 retro
1892 1082 1912 1115 ,
1939 1025 2062 1125 qui
2083 1025 2485 1099 dilationem
2522 1026 2775 1125 qua-rit

580 1148 738 1197 cum
762 1124 1163 1221 propinquis
1190 1122 1623 1217 cotfierendi.
1658 1120 1837 1196 Ideo
1872 1122 1946 1199 S.
1982 1124 2051 1195 T
2045 1121 2122 1193 h.
2166 1121 2229 1193 0
2276 1148 2425 1197 use.
2474 1151 2497 1197 1
2516 1150 2566 1222 7
2609 1151 2773 1222 cap.

593 1249 703 1297 ιο.
760 1217 1093 1296 absolute
1146 1236 1435 1294 vocatos
1487 1220 2038 1311 animadvertit,
2075 1234 2161 1292 ut
2197 1153 2610 1318 ‹filigenter
2641 1249 2775 1296 <xa-2

582 1336 841 1411 veant,
882 1346 973 1392 ne
1005 1320 1096 1393 de
1151 1346 1280 1392 sua
1314 1318 1720 1393 Vocatione
1769 1319 2163 1392 consilium
2212 1323 2253 1391 a
2309 1320 2771 1393 Parentibus

583 1422 951 1519 accipiant
979 1445 996 1487 :
1027 1415 1142 1488 Ab
1168 1417 1307 1489 hoc
1328 1417 1619 1489 consilio
1638 1416 1866 1513 primo
1889 1416 2160 1517 quidem
2177 1419 2585 1491 amovendi
2610 1433 2779 1496 sunt

581 1516 816 1594 cornis
834 1515 1207 1613 propinqui
1229 1570 1249 1601 ,
1274 1513 1519 1588 dicitur
1535 1514 1721 1587 enim
1749 1544 1773 1586 .·
1809 1515 2114 1587 Causam
2139 1528 2325 1586 tuam
2348 1531 2594 1589 tracta
2611 1541 2769 1589 cum
2864 1579 2867 1602 2

580 1613 809 1689 amico
840 1627 984 1687 tua.
1016 1612 1411 1711 Propinqui
1432 1611 1615 1682 enim
1665 1612 1901 1684 carnis
1948 1612 2021 1683 in
2057 1607 2195 1683 hoc
2243 1613 2530 1710 negotio
2556 1610 2777 1685 amisi

580 1737 726 1785 non
760 1726 958 1801 sunt,
1007 1709 1142 1782 sed
1174 1706 1442 1781 inimici
1465 1707 1777 1781 hominis
1819 1707 2185 1782 domestici
2232 1708 2407 1806 ejus.
2462 1713 2593 1784 Ex
2651 1710 2767 1785 his
2864 1727 2867 1774 !

583 1807 928 1883 omnibus
966 1805 1440 1881 concluditur
1467 1857 1485 1889 ,
1513 1832 1661 1880 non
1693 1806 1976 1893 solum,
2009 1832 2162 1884 non
2199 1832 2510 1905 peccare
2568 1809 2764 1884 filios

581 1903 1033 2007 Religionem
1070 1918 1519 1977 assumentes
1549 1963 1565 1987 ,
1610 1904 2046 1978 Parentibus
2076 1905 2579 1998 inconsultis3
2631 1905 2766 1981 sed

585 2004 952 2078 ordinarie
985 2006 1056 2077 Ιο
1117 2002 1360 2075 uendo
1382 2058 1402 2089 ,
1430 2000 1641 2076 va'lde
1670 2028 1908 2076 errare
1934 2061 1951 2088 ,
1979 2006 2042 2076 si
2074 2003 2467 2103 participes
2490 2031 2629 2079 eos
2650 2005 2767 2078 fa·

584 2106 781 2186 ciant
803 2104 893 2176 de
923 2030 1611 2189 san'ocationemh
1643 2099 2057 2198 periculum
2085 2104 2203 2174 cui
2234 2129 2310 2174 se
2340 2129 2431 2177 ex
2489 2118 2763 2193 onunt,

585 2200 789 2302 quod
812 2203 959 2278 sint
997 2198 1089 2271 ab
1114 2200 1246 2271 illa
1272 2197 1641 2271 avertendi
1664 2222 1683 2289 ;
1714 2212 1785 2269 et
1811 2198 1952 2271 hoc
1982 2198 2238 2299 utique
2265 2227 2405 2273 con
2469 2217 2764 2276 rmatur

582 2300 674 2373 ab
695 2298 1030 2398 exemplo
1054 2312 1160 2371 tot
1186 2299 1647 2380 Sanctorum,
1681 2323 2001 2395 quorum
2032 2296 2421 2385 discessus»,
2438 2301 2760 2397 parenti·

580 2393 1005 2477 businsciis‚
1023 2409 1146 2467 aut
1164 2397 1433 2478 inviti8‚
1451 2397 1645 2468 Deus
1662 2397 1880 2467 etiam
1897 2396 2264 2492 miraculis
2284 2398 2755 2497 approbavit,

581 2510 655 2568 et
675 2493 1068 2570 benedixit.
1092 2492 1445 2591 Idemque
1460 2492 1683 2564 sentit
1702 2490 1962 2566 doctus
1976 2493 2070 2567 P.
2089 2493 2301 2564 Elbel
2312 2495 2405 2566 de
2420 2495 2655 2570 Proec.
2672 2524 2751 2568 n.

579 2593 727 2668 538
742 2589 992 2664 dicens
1011 2618 1027 2661 ε
1049 2590 1152 2686 (Si
1177 2589 1368 2662 filius
1393 2589 1655 2662 sentiat
1669 2614 1743 2661 se
1764 2595 1800 2662 ὲ
1824 2588 1976 2662 Deo
1995 2604 2334 2664 vocatum
2356 2594 2456 2665 ad
2477 2611 2753 2668 statum

579 2688 1001 2790 religiosum
1025 2744 1043 2778 ,
1068 2702 1140 2759 et
1174 2688 1531 2774 advertat,
1557 2689 1900 2776 Parentes
1933 2687 2013 2761 id
2047 2679 2239 2788 oe‘gre
2278 2691 2565 2766 laturos
2592 2749 2611 2783 ,
2638 2705 2752 2770 at·-

577 2815 727 2889 que
767 2812 852 2878 ex
884 2785 1149 2859 affectu
1182 2785 1456 2858 carnali
1485 2842 1503 2874 ‚
1534 2811 1617 2857 ac
1647 2785 1984 2859 futilibus
2011 2789 2308 2884 motivis
2324 2789 2415 2861 'se
2455 2791 2749 2889 opposi-

579 2901 783 2970 turos
829 2940 848 2972 ,
911 2911 1062 2957 non
1112 2897 1403 2956 tenetur
1456 2909 1580 2956 eos
1624 2883 2007 2957 consulere
2031 2939 2049 2969 ‚
2113 2886 2286 2984 quib
2340 2887 2748 2968 ,consultius

579 3000 745 3084 aget
775 3008 933 3064 rem
981 2984 1083 3057 eis
1138 2979 1446 3072 celando
1473 3038 1491 3065 ,
1523 2983 1718 3079 juxta
1748 2980 1938 3054 illud
1972 2982 2240 3055 Matth.
2274 2989 2323 3060 8
2352 2986 2482 3058 ubi
2506 2987 2747 3062 Chris-

579 3094 704 3164 tus
747 3079 1042 3164 Domin.
1094 3077 1550 3177 discipulum
1601 3078 2081 3199 reprehendit
2143 3082 2533 3158 nolentem
2585 3111 2744 3164 eum

576 3177 784 3264 illico
837 3178 1048 3277 sequi
1099 3176 1196 3250 ob
1243 3179 1531 3250 Patrem
1565 3178 1769 3276 prius
1820 3178 2420 3277 sepeliendum).
2461 3185 2580 3257 An
2614 3211 2742 3255 au·

577 3290 724 3352 tem
763 3288 1073 3377 peccent
1098 3276 1408 3372 graviter
1432 3277 1800 3366 Parentes,
1820 3291 2229 3360 avertentes
2263 3279 2459 3354 filios
2489 3280 2737 3362 &Reli-.-

578 3374 798 3482 gione'
819 3431 841 3463 ,
871 3371 1032 3445 vide
1061 3371 1245 3469 infrd
1278 3398 1352 3446 n.
1393 3395 1506 3470 77.
1690 3379 1697 3386 '
2286 3455 2291 3462 ,
2534 3453 2589 3464 μ’

462 3487 533 3556 ⁶9
675 3473 739 3548 E
771 3494 1119 3544 converso
1156 3469 1371 3542 docet
1399 3467 1471 3540 S.
1509 3467 1761 3542 Thom.
1800 3470 2045 3543 eodem
2084 3473 2239 3548 loco
2263 3530 2286 3562 ‚
2328 3503 2482 3550 non
2530 3476 2737 3554 licem

575 3567 1008 3654 Parentibus
1047 3566 1496 3665 Religionem
1539 3570 1811 3666 intrare
1840 3622 1858 3654 ‚
1887 3595 2039 3652 non
2068 3571 2315 3645 solum
2351 3602 2529 3647 cum
2562 3576 2737 3654 filios

576 3665 655 3750 in
686 3667 1109 3748 necessitate
1152 3665 1345 3762 gravi
1394 3661 1815 3763 relinquere
1841 3664 2240 3762 deberent,
2276 3673 2409 3746 sed
2437 3663 2737 3756 etiamsi

572 3759 878 3834 omnino
913 3762 1463 3859 praetermittere
1498 3761 1853 3837 deberent
1883 3790 2143 3840 eorum
2176 3796 2460 3859 curam,
2489 3772 2577 3848 id
2598 3765 2732 3862 est,

571 3883 718 3928 non
741 3857 1041 3956 proeviso
1073 3860 1289 3957 (sunt
1317 3858 1531 3931 verba
1558 3858 1630 3932 S.
1664 3861 1798 3953 D.)
1826 3864 2120 3957 qualiter
2132 3868 2428 3944 educari
2437 3869 2733 3965 possint.

574 3951 736 4028 Hoc
767 3967 1012 4027 tamen
1046 3955 1281 4028 intelli
1334 3959 1482 4029 itur
1506 4015 1524 4047 ,
1569 3972 1652 4030 ut.
1696 3957 1956 4040 dicunt
2009 3959 2355 4042 Salmant.
2391 3968 2464 4039 d.
2500 3961 2725 4063 cap..3

572 4070 647 4119 n.
680 4049 774 4124 52
813 4075 989 4126 cum
1023 4051 1223 4130 Suar.
1264 3984 1428 4134 ῧαὶ.
1462 4054 1714 4134 Pelliz.
1750 4055 1847 4132 de
1883 4058 2054 4136 filiis
2076 4087 2281 4153 ,non
2304 4066 2727 4167 emancipa-

453 4155 519 4239 k.-
