<?xml version="1.0" encoding="UTF-8"?>
<!DOCTYPE html PUBLIC "-//W3C//DTD XHTML 1.0 Transitional//EN"
    "http://www.w3.org/TR/xhtml1/DTD/xhtml1-transitional.dtd">
<html xmlns="http://www.w3.org/1999/xhtml" xml:lang="en" lang="en">
 <head>
  <title>
</title>
<meta http-equiv="Content-Type" content="text/html;charset=utf-8" />
  <meta name='ocr-system' content='tesseract 3.04.00' />
  <meta name='ocr-capabilities' content='ocr_page ocr_carea ocr_par ocr_line ocrx_word'/>
</head>
<body>
  <div class='ocr_page' id='page_1' title='image "./theologiamorali06mansgoog_0461.png"; bbox 0 0 2950 4709; ppageno 0'>
   <div class='ocr_carea' id='block_1_1' title="bbox 133 238 2455 4190">
    <p class='ocr_par' dir='ltr' id='par_1_1' title="bbox 133 238 2436 2030">
     <span class='ocr_line' id='line_1_1' title="bbox 555 238 2436 342; baseline -0.001 -24"><span class='ocrx_word' id='word_1_1' title='bbox 555 248 728 342; x_wconf 66' lang='lat' dir='ltr'>Gap.›</span> <span class='ocrx_word' id='word_1_2' title='bbox 749 238 1048 317; x_wconf 78' lang='lat' dir='ltr'>11.&#39;Du1›.</span> <span class='ocrx_word' id='word_1_3' title='bbox 1082 248 1138 315; x_wconf 89' lang='lat'>1.</span> <span class='ocrx_word' id='word_1_4' title='bbox 1172 248 1273 317; x_wconf 87' lang='lat' dir='ltr'>De</span> <span class='ocrx_word' id='word_1_5' title='bbox 1299 245 1489 318; x_wconf 74' lang='lat' dir='ltr'>Statu</span> <span class='ocrx_word' id='word_1_6' title='bbox 1515 245 1939 318; x_wconf 68' lang='lat' dir='ltr'>clericorum.</span> <span class='ocrx_word' id='word_1_7' title='bbox 2202 247 2331 339; x_wconf 78' lang='lat'>459</span> <span class='ocrx_word' id='word_1_8' title='bbox 2428 248 2436 254; x_wconf 56' lang='lat'>⁴</span> 
     </span>
     <span class='ocr_line' id='line_1_2' title="bbox 133 343 2336 459; baseline 0.001 -31"><span class='ocrx_word' id='word_1_9' title='bbox 133 413 136 428; x_wconf 92' lang='lat'>.</span> <span class='ocrx_word' id='word_1_10' title='bbox 209 343 591 430; x_wconf 56' lang='lat' dir='ltr'>3⁹’Secunda</span> <span class='ocrx_word' id='word_1_11' title='bbox 640 373 887 432; x_wconf 87' lang='lat' dir='ltr'>tamen</span> <span class='ocrx_word' id='word_1_12' title='bbox 916 359 1273 442; x_wconf 75' lang='lat' dir='ltr'>sententia</span> <span class='ocrx_word' id='word_1_13' title='bbox 1314 373 1531 459; x_wconf 82' lang='lat' dir='ltr'>negat</span> <span class='ocrx_word' id='word_1_14' title='bbox 1556 355 2076 459; x_wconf 65' lang='lat' dir='ltr'>obligationem</span> <span class='ocrx_word' id='word_1_15' title='bbox 2118 363 2336 432; x_wconf 74' lang='lat' dir='ltr'>resti-</span> 
     </span>
     <span class='ocr_line' id='line_1_3' title="bbox 192 453 2337 557; baseline 0.002 -35"><span class='ocrx_word' id='word_1_16' title='bbox 192 453 472 540; x_wconf 83' lang='lat' dir='ltr'>tutionis</span> <span class='ocrx_word' id='word_1_17' title='bbox 501 513 518 539; x_wconf 88' lang='lat'>‚</span> <span class='ocrx_word' id='word_1_18' title='bbox 562 470 645 529; x_wconf 86' lang='lat' dir='ltr'>ut</span> <span class='ocrx_word' id='word_1_19' title='bbox 697 469 954 530; x_wconf 84' lang='lat' dir='ltr'>tenent</span> <span class='ocrx_word' id='word_1_20' title='bbox 1007 456 1237 529; x_wconf 56' lang='lat' dir='ltr'>Saul.</span> <span class='ocrx_word' id='word_1_21' title='bbox 1275 463 1341 550; x_wconf 92' lang='lat'>4.</span> <span class='ocrx_word' id='word_1_22' title='bbox 1379 463 1465 528; x_wconf 84' lang='lat' dir='ltr'>a‘e</span> <span class='ocrx_word' id='word_1_23' title='bbox 1509 459 1701 530; x_wconf 82' lang='lat' dir='ltr'>Just.</span> <span class='ocrx_word' id='word_1_24' title='bbox 1744 487 1811 557; x_wconf 74' lang='lat' dir='ltr'>q.</span> <span class='ocrx_word' id='word_1_25' title='bbox 1849 461 1900 533; x_wconf 88' lang='lat'>6</span> <span class='ocrx_word' id='word_1_26' title='bbox 1945 476 2072 529; x_wconf 82' lang='lat' dir='ltr'>art.</span> <span class='ocrx_word' id='word_1_27' title='bbox 2129 460 2171 531; x_wconf 83' lang='lat'><strong>3</strong></span> <span class='ocrx_word' id='word_1_28' title='bbox 2204 455 2337 528; x_wconf 80' lang='lat' dir='ltr'>sub</span> 
     </span>
     <span class='ocr_line' id='line_1_4' title="bbox 167 549 2340 656; baseline 0.002 -35"><span class='ocrx_word' id='word_1_29' title='bbox 167 549 307 643; x_wconf 80' lang='lat' dir='ltr'>fin.</span> <span class='ocrx_word' id='word_1_30' title='bbox 339 552 523 628; x_wconf 81' lang='grc' dir='ltr'><em>Ναν.</em></span> <span class='ocrx_word' id='word_1_31' title='bbox 576 582 642 627; x_wconf 89' lang='lat' dir='ltr'>c.</span> <span class='ocrx_word' id='word_1_32' title='bbox 702 582 807 656; x_wconf 87' lang='lat'>¹7·</span> <span class='ocrx_word' id='word_1_33' title='bbox 860 556 933 626; x_wconf 83' lang='lat' dir='ltr'>in</span> <span class='ocrx_word' id='word_1_34' title='bbox 965 554 1232 628; x_wconf 86' lang='lat' dir='ltr'>Summ.</span> <span class='ocrx_word' id='word_1_35' title='bbox 1271 580 1343 626; x_wconf 87' lang='lat' dir='ltr'>n.</span> <span class='ocrx_word' id='word_1_36' title='bbox 1393 557 1508 652; x_wconf 84' lang='lat'>74.</span> <span class='ocrx_word' id='word_1_37' title='bbox 1558 558 1737 628; x_wconf 85' lang='lat' dir='ltr'>item</span> <span class='ocrx_word' id='word_1_38' title='bbox 1788 556 1960 631; x_wconf 75' lang='lat' dir='ltr'>Led.</span> <span class='ocrx_word' id='word_1_39' title='bbox 1993 551 2228 626; x_wconf 67' lang='lat' dir='ltr'>Herir.</span> <span class='ocrx_word' id='word_1_40' title='bbox 2267 568 2340 625; x_wconf 84' lang='lat' dir='ltr'>et</span> 
     </span>
     <span class='ocr_line' id='line_1_5' title="bbox 187 647 2335 753; baseline 0.003 -36"><span class='ocrx_word' id='word_1_41' title='bbox 187 647 430 743; x_wconf 82' lang='lat' dir='ltr'>uliiap.</span> <span class='ocrx_word' id='word_1_42' title='bbox 455 651 719 726; x_wconf 77' lang='lat' dir='ltr'>Sanch.</span> <span class='ocrx_word' id='word_1_43' title='bbox 750 656 797 726; x_wconf 90' lang='lat' dir='ltr'>l.</span> <span class='ocrx_word' id='word_1_44' title='bbox 829 654 1047 727; x_wconf 64' lang='lat' dir='ltr'>cit-en.</span> <span class='ocrx_word' id='word_1_45' title='bbox 1092 678 1151 742; x_wconf 85' lang='lat'>1,</span> <span class='ocrx_word' id='word_1_46' title='bbox 1188 655 1313 753; x_wconf 89' lang='lat' dir='ltr'>qui</span> <span class='ocrx_word' id='word_1_47' title='bbox 1343 653 1807 752; x_wconf 86' lang='lat' dir='ltr'>probabilem</span> <span class='ocrx_word' id='word_1_48' title='bbox 1839 669 2160 727; x_wconf 85' lang='lat' dir='ltr'>censent.</span> <span class='ocrx_word' id='word_1_49' title='bbox 2186 654 2335 724; x_wconf 83' lang='lat' dir='ltr'>Ra·-</span> 
     </span>
     <span class='ocr_line' id='line_1_6' title="bbox 187 743 2335 864; baseline 0.003 -49"><span class='ocrx_word' id='word_1_50' title='bbox 187 743 282 817; x_wconf 88' lang='lat' dir='ltr'>tio</span> <span class='ocrx_word' id='word_1_51' title='bbox 313 748 614 822; x_wconf 88' lang='lat' dir='ltr'>istorum</span> <span class='ocrx_word' id='word_1_52' title='bbox 637 806 655 835; x_wconf 91' lang='lat'>‚</span> <span class='ocrx_word' id='word_1_53' title='bbox 693 753 861 850; x_wconf 71' lang='lat' dir='ltr'>quia</span> <span class='ocrx_word' id='word_1_54' title='bbox 894 747 1334 864; x_wconf 82' lang='lat' dir='ltr'>praedictum</span> <span class='ocrx_word' id='word_1_55' title='bbox 1360 765 1660 851; x_wconf 87' lang='lat' dir='ltr'>pactum</span> <span class='ocrx_word' id='word_1_56' title='bbox 1689 807 1706 838; x_wconf 90' lang='lat'>‚</span> <span class='ocrx_word' id='word_1_57' title='bbox 1743 754 1943 852; x_wconf 90' lang='lat' dir='ltr'>quod</span> <span class='ocrx_word' id='word_1_58' title='bbox 1978 751 2335 850; x_wconf 84' lang='lat' dir='ltr'>supponi-</span> 
     </span>
     <span class='ocr_line' id='line_1_7' title="bbox 189 847 2337 948; baseline 0.004 -36"><span class='ocrx_word' id='word_1_59' title='bbox 189 854 304 915; x_wconf 84' lang='lat' dir='ltr'>tur</span> <span class='ocrx_word' id='word_1_60' title='bbox 336 898 353 930; x_wconf 86' lang='lat'>,</span> <span class='ocrx_word' id='word_1_61' title='bbox 395 847 508 919; x_wconf 69' lang='lat' dir='ltr'>vel</span> <span class='ocrx_word' id='word_1_62' title='bbox 551 848 864 924; x_wconf 87' lang='lat' dir='ltr'>habetur</span> <span class='ocrx_word' id='word_1_63' title='bbox 899 874 982 920; x_wconf 82' lang='lat' dir='ltr'>ln</span> <span class='ocrx_word' id='word_1_64' title='bbox 1013 847 1280 922; x_wconf 84' lang='lat' dir='ltr'>Edicto</span> <span class='ocrx_word' id='word_1_65' title='bbox 1308 905 1327 938; x_wconf 82' lang='lat'>‚</span> <span class='ocrx_word' id='word_1_66' title='bbox 1367 876 1516 922; x_wconf 88' lang='lat' dir='ltr'>non</span> <span class='ocrx_word' id='word_1_67' title='bbox 1559 862 1670 922; x_wconf 84' lang='lat' dir='ltr'>est</span> <span class='ocrx_word' id='word_1_68' title='bbox 1710 865 2005 948; x_wconf 85' lang='lat' dir='ltr'>paetum</span> <span class='ocrx_word' id='word_1_69' title='bbox 2052 851 2337 947; x_wconf 75' lang='lat' dir='ltr'>rig·oro--·=</span> 
     </span>
     <span class='ocr_line' id='line_1_8' title="bbox 184 946 2345 1046; baseline 0.003 -35"><span class='ocrx_word' id='word_1_70' title='bbox 184 953 333 1014; x_wconf 86' lang='lat' dir='ltr'>s&#39;um</span> <span class='ocrx_word' id='word_1_71' title='bbox 362 998 380 1030; x_wconf 89' lang='lat'>‚</span> <span class='ocrx_word' id='word_1_72' title='bbox 422 946 750 1044; x_wconf 83' lang='lat' dir='ltr'>obligans</span> <span class='ocrx_word' id='word_1_73' title='bbox 791 952 984 1045; x_wconf 74' lang='lat' dir='ltr'>juxta</span> <span class='ocrx_word' id='word_1_74' title='bbox 1024 946 1215 1046; x_wconf 85' lang='lat' dir='ltr'>leges</span> <span class='ocrx_word' id='word_1_75' title='bbox 1260 948 1557 1046; x_wconf 70' lang='lat' dir='ltr'>justitiae</span> <span class='ocrx_word' id='word_1_76' title='bbox 1596 951 2169 1036; x_wconf 58' lang='lat' dir='ltr'>commutatirae‚&#39;</span> <span class='ocrx_word' id='word_1_77' title='bbox 2200 946 2345 1038; x_wconf 38' lang='lat' dir='ltr'>sed,</span> 
     </span>
     <span class='ocr_line' id='line_1_9' title="bbox 186 1043 2336 1146; baseline 0.003 -36"><span class='ocrx_word' id='word_1_78' title='bbox 186 1055 286 1113; x_wconf 87' lang='lat' dir='ltr'>est</span> <span class='ocrx_word' id='word_1_79' title='bbox 319 1043 601 1117; x_wconf 71' lang='lat' dir='ltr'>tantum</span> <span class='ocrx_word' id='word_1_80' title='bbox 639 1048 1024 1146; x_wconf 82' lang='lat' dir='ltr'>promissio</span> <span class='ocrx_word' id='word_1_81' title='bbox 1047 1102 1064 1129; x_wconf 91' lang='lat'><strong>,</strong></span> <span class='ocrx_word' id='word_1_82' title='bbox 1119 1044 1464 1144; x_wconf 81' lang='lat' dir='ltr'>obligans·</span> <span class='ocrx_word' id='word_1_83' title='bbox 1485 1046 1861 1122; x_wconf 80' lang='lat' dir='ltr'>dumtaxat</span> <span class='ocrx_word' id='word_1_84' title='bbox 1902 1072 1990 1119; x_wconf 82' lang='lat' dir='ltr'>ex</span> <span class='ocrx_word' id='word_1_85' title='bbox 2017 1045 2336 1117; x_wconf 83' lang='lat' dir='ltr'>fidelita-</span> 
     </span>
     <span class='ocr_line' id='line_1_10' title="bbox 181 1141 2342 1245; baseline 0.003 -37"><span class='ocrx_word' id='word_1_86' title='bbox 181 1150 251 1209; x_wconf 83' lang='lat' dir='ltr'>te</span> <span class='ocrx_word' id='word_1_87' title='bbox 288 1163 306 1223; x_wconf 78' lang='lat'><em>3</em></span> <span class='ocrx_word' id='word_1_88' title='bbox 358 1141 509 1215; x_wconf 72' lang='lat' dir='ltr'>imo</span> <span class='ocrx_word' id='word_1_89' title='bbox 546 1141 787 1239; x_wconf 69' lang='lat' dir='ltr'>potius</span> <span class='ocrx_word' id='word_1_90' title='bbox 842 1161 946 1217; x_wconf 84' lang='lat' dir='ltr'>est</span> <span class='ocrx_word' id='word_1_91' title='bbox 982 1142 1368 1243; x_wconf 78' lang='lat' dir='ltr'>explicatio</span> <span class='ocrx_word' id='word_1_92' title='bbox 1408 1143 1865 1245; x_wconf 78' lang='lat' dir='ltr'>obligationis</span> <span class='ocrx_word' id='word_1_93' title='bbox 1894 1199 1913 1230; x_wconf 94' lang='lat'>‚</span> <span class='ocrx_word' id='word_1_94' title='bbox 1954 1169 2173 1242; x_wconf 86' lang='lat' dir='ltr'>qnam</span> <span class='ocrx_word' id='word_1_95' title='bbox 2204 1156 2342 1241; x_wconf 83' lang='lat' dir='ltr'>per&#39;</span> 
     </span>
     <span class='ocr_line' id='line_1_11' title="bbox 184 1237 2333 1342; baseline 0.004 -36"><span class='ocrx_word' id='word_1_96' title='bbox 184 1260 256 1307; x_wconf 87' lang='lat' dir='ltr'>se</span> <span class='ocrx_word' id='word_1_97' title='bbox 282 1237 504 1314; x_wconf 84' lang='lat' dir='ltr'>habet</span> <span class='ocrx_word' id='word_1_98' title='bbox 526 1243 942 1341; x_wconf 82' lang='lat' dir='ltr'>Episcopus</span> <span class='ocrx_word' id='word_1_99' title='bbox 983 1268 1068 1315; x_wconf 82' lang='lat' dir='ltr'>ex</span> <span class='ocrx_word' id='word_1_100' title='bbox 1111 1243 1381 1338; x_wconf 80' lang='lat' dir='ltr'>justitia</span> <span class='ocrx_word' id='word_1_101' title='bbox 1423 1241 1889 1315; x_wconf 76' lang='lat' dir='ltr'>distributiva</span> <span class='ocrx_word' id='word_1_102' title='bbox 1922 1297 1938 1325; x_wconf 85' lang='lat'>‚</span> <span class='ocrx_word' id='word_1_103' title='bbox 1980 1254 2155 1342; x_wconf 82' lang='lat' dir='ltr'>quae&#39;</span> <span class='ocrx_word' id='word_1_104' title='bbox 2181 1267 2333 1314; x_wconf 87' lang='lat' dir='ltr'>non</span> 
     </span>
     <span class='ocr_line' id='line_1_12' title="bbox 184 1333 2399 1436; baseline 0.002 -32"><span class='ocrx_word' id='word_1_105' title='bbox 184 1333 452 1435; x_wconf 82' lang='lat' dir='ltr'>obligat</span> <span class='ocrx_word' id='word_1_106' title='bbox 495 1338 587 1411; x_wconf 90' lang='lat' dir='ltr'>ad</span> <span class='ocrx_word' id='word_1_107' title='bbox 639 1342 1198 1413; x_wconf 86' lang='lat' dir='ltr'>restitutionem.</span> <span class='ocrx_word' id='word_1_108' title='bbox 1251 1339 1756 1414; x_wconf 70' lang='lat' dir='ltr'>Proculdubio</span> <span class='ocrx_word' id='word_1_109' title='bbox 1803 1341 1942 1413; x_wconf 87' lang='lat' dir='ltr'>sub</span> <span class='ocrx_word' id='word_1_110' title='bbox 1977 1340 2171 1436; x_wconf 83' lang='lat' dir='ltr'>gravi</span> <span class='ocrx_word' id='word_1_111' title='bbox 2206 1340 2334 1409; x_wconf 81' lang='lat' dir='ltr'>de·-</span> <span class='ocrx_word' id='word_1_112' title='bbox 2394 1423 2399 1428; x_wconf 9' lang='grc' dir='ltr'>ἢ</span> 
     </span>
     <span class='ocr_line' id='line_1_13' title="bbox 176 1429 2357 1537; baseline 0.003 -33"><span class='ocrx_word' id='word_1_113' title='bbox 176 1429 486 1521; x_wconf 85' lang='lat' dir='ltr'>bentur,</span> <span class='ocrx_word' id='word_1_114' title='bbox 544 1453 626 1510; x_wconf 86' lang='lat' dir='ltr'>nt</span> <span class='ocrx_word' id='word_1_115' title='bbox 684 1443 936 1532; x_wconf 85' lang='lat' dir='ltr'>ajunt,</span> <span class='ocrx_word' id='word_1_116' title='bbox 974 1437 1272 1537; x_wconf 81' lang='lat' dir='ltr'>praemia</span> <span class='ocrx_word' id='word_1_117' title='bbox 1313 1438 1667 1537; x_wconf 87' lang='lat' dir='ltr'>promissa</span> <span class='ocrx_word' id='word_1_118' title='bbox 1720 1438 2357 1511; x_wconf 77' lang='lat' dir='ltr'>concurrentibus</span> 
     </span>
     <span class='ocr_line' id='line_1_14' title="bbox 179 1529 2334 1636; baseline 0.004 -35"><span class='ocrx_word' id='word_1_119' title='bbox 179 1529 268 1602; x_wconf 86' lang='lat' dir='ltr'>ad</span> <span class='ocrx_word' id='word_1_120' title='bbox 315 1531 594 1608; x_wconf 86' lang='lat' dir='ltr'>luctam</span> <span class='ocrx_word' id='word_1_121' title='bbox 629 1552 766 1609; x_wconf 82' lang='lat' dir='ltr'>etc.</span> <span class='ocrx_word' id='word_1_122' title='bbox 823 1550 908 1609; x_wconf 88' lang='lat' dir='ltr'>ut</span> <span class='ocrx_word' id='word_1_123' title='bbox 958 1540 1214 1635; x_wconf 69' lang='lat' dir='ltr'>supra,</span> <span class='ocrx_word' id='word_1_124' title='bbox 1252 1538 1422 1636; x_wconf 71' lang='lat' dir='ltr'>quia</span> <span class='ocrx_word' id='word_1_125' title='bbox 1460 1536 1584 1608; x_wconf 86' lang='lat' dir='ltr'>illa</span> <span class='ocrx_word' id='word_1_126' title='bbox 1616 1535 2127 1636; x_wconf 79' lang='lat' dir='ltr'>principaliter</span> <span class='ocrx_word' id='word_1_127' title='bbox 2159 1548 2334 1609; x_wconf 85' lang='lat' dir='ltr'>sunt</span> 
     </span>
     <span class='ocr_line' id='line_1_15' title="bbox 177 1627 2334 1731; baseline 0.003 -32"><span class='ocrx_word' id='word_1_128' title='bbox 177 1627 495 1718; x_wconf 84' lang='lat' dir='ltr'>instituta</span> <span class='ocrx_word' id='word_1_129' title='bbox 524 1691 543 1723; x_wconf 89' lang='lat'>‚</span> <span class='ocrx_word' id='word_1_130' title='bbox 584 1632 664 1706; x_wconf 69' lang='lat' dir='ltr'>ht</span> <span class='ocrx_word' id='word_1_131' title='bbox 709 1634 1024 1731; x_wconf 71' lang='lat' dir='ltr'>praemia¹</span> <span class='ocrx_word' id='word_1_132' title='bbox 1062 1634 1544 1725; x_wconf 77' lang='lat' dir='ltr'>meritorun1;</span> <span class='ocrx_word' id='word_1_133' title='bbox 1584 1633 1712 1709; x_wconf 90' lang='lat' dir='ltr'>sed</span> <span class='ocrx_word' id='word_1_134' title='bbox 1765 1633 1957 1706; x_wconf 90' lang='lat' dir='ltr'>idem</span> <span class='ocrx_word' id='word_1_135' title='bbox 2010 1660 2163 1706; x_wconf 88' lang='lat' dir='ltr'>non</span> <span class='ocrx_word' id='word_1_136' title='bbox 2225 1647 2334 1706; x_wconf 87' lang='lat' dir='ltr'>est</span> 
     </span>
     <span class='ocr_line' id='line_1_16' title="bbox 182 1725 2335 1834; baseline 0.002 -36"><span class='ocrx_word' id='word_1_137' title='bbox 182 1725 265 1799; x_wconf 89' lang='lat' dir='ltr'>de</span> <span class='ocrx_word' id='word_1_138' title='bbox 297 1731 672 1806; x_wconf 83' lang='lat' dir='ltr'>beneficiis</span> <span class='ocrx_word' id='word_1_139' title='bbox 715 1788 734 1822; x_wconf 89' lang='lat'>‚</span> <span class='ocrx_word' id='word_1_140' title='bbox 775 1755 935 1832; x_wconf 85' lang='lat' dir='ltr'>quae</span> <span class='ocrx_word' id='word_1_141' title='bbox 976 1731 1189 1805; x_wconf 72' lang='lat' dir='ltr'>unice</span> <span class='ocrx_word' id='word_1_142' title='bbox 1242 1732 1355 1805; x_wconf 90' lang='lat' dir='ltr'>vel</span> <span class='ocrx_word' id='word_1_143' title='bbox 1386 1731 1893 1834; x_wconf 68' lang='lat' dir='ltr'>principaliter</span> <span class='ocrx_word' id='word_1_144' title='bbox 1938 1732 2335 1804; x_wconf 80' lang='lat' dir='ltr'>instituun-</span> 
     </span>
     <span class='ocr_line' id='line_1_17' title="bbox 178 1824 2335 1919; baseline 0.002 -22"><span class='ocrx_word' id='word_1_145' title='bbox 178 1838 300 1898; x_wconf 82' lang='lat' dir='ltr'>tur</span> <span class='ocrx_word' id='word_1_146' title='bbox 340 1828 423 1902; x_wconf 78' lang='lat' dir='ltr'>in</span> <span class='ocrx_word' id='word_1_147' title='bbox 480 1824 761 1903; x_wconf 83' lang='lat' dir='ltr'>bonum</span> <span class='ocrx_word' id='word_1_148' title='bbox 801 1855 1211 1905; x_wconf 88' lang='lat' dir='ltr'>commune.</span> <span class='ocrx_word' id='word_1_149' title='bbox 1252 1832 1383 1904; x_wconf 88' lang='lat' dir='ltr'>His</span> <span class='ocrx_word' id='word_1_150' title='bbox 1439 1856 1590 1904; x_wconf 91' lang='lat' dir='ltr'>non</span> <span class='ocrx_word' id='word_1_151' title='bbox 1629 1830 2086 1903; x_wconf 82' lang='lat' dir='ltr'>obstantibus</span> <span class='ocrx_word' id='word_1_152' title='bbox 2121 1887 2140 1919; x_wconf 89' lang='lat'>‚</span> <span class='ocrx_word' id='word_1_153' title='bbox 2181 1853 2335 1902; x_wconf 86' lang='lat' dir='ltr'>non</span> 
     </span>
     <span class='ocr_line' id='line_1_18' title="bbox 179 1924 2339 2030; baseline 0.003 -36"><span class='ocrx_word' id='word_1_154' title='bbox 179 1924 410 1999; x_wconf 86' lang='lat' dir='ltr'>audeo</span> <span class='ocrx_word' id='word_1_155' title='bbox 441 1930 780 2004; x_wconf 78' lang='lat' dir='ltr'>recedere</span> <span class='ocrx_word' id='word_1_156' title='bbox 810 1932 847 2001; x_wconf 74' lang='lat' dir='ltr'>a</span> <span class='ocrx_word' id='word_1_157' title='bbox 879 1933 1118 2030; x_wconf 84' lang='lat' dir='ltr'>prima</span> <span class='ocrx_word' id='word_1_158' title='bbox 1146 1929 1503 2002; x_wconf 85' lang='lat' dir='ltr'>sententia</span> <span class='ocrx_word' id='word_1_159' title='bbox 1536 1930 1912 2002; x_wconf 88' lang='lat' dir='ltr'>communi</span> <span class='ocrx_word' id='word_1_160' title='bbox 1941 1935 1968 2018; x_wconf 88' lang='lat'>,&#39;</span> <span class='ocrx_word' id='word_1_161' title='bbox 2001 1943 2073 2000; x_wconf 87' lang='lat' dir='ltr'>et</span> <span class='ocrx_word' id='word_1_162' title='bbox 2119 1926 2339 2001; x_wconf 62' lang='lat' dir='ltr'>valde</span> 
     </span>
    </p>

    <p class='ocr_par' dir='ltr' id='par_1_2' title="bbox 174 2024 2413 2614">
     <span class='ocr_line' id='line_1_19' title="bbox 231 2024 2335 2102; baseline 0.001 -8"><span class='ocrx_word' id='word_1_163' title='bbox 231 2024 680 2102; x_wconf 86' lang='lat' dir='ltr'>robabiliori.</span> <span class='ocrx_word' id='word_1_164' title='bbox 736 2028 880 2101; x_wconf 88' lang='lat' dir='ltr'>Sed</span> <span class='ocrx_word' id='word_1_165' title='bbox 940 2027 1130 2101; x_wconf 86' lang='lat' dir='ltr'>hanc</span> <span class='ocrx_word' id='word_1_166' title='bbox 1189 2027 1591 2101; x_wconf 85' lang='lat' dir='ltr'>secundam</span> <span class='ocrx_word' id='word_1_167' title='bbox 1636 2053 1771 2099; x_wconf 90' lang='lat' dir='ltr'>nec</span> <span class='ocrx_word' id='word_1_168' title='bbox 1821 2029 2037 2099; x_wconf 71' lang='lat' dir='ltr'>etiam</span> <span class='ocrx_word' id='word_1_169' title='bbox 2098 2025 2335 2098; x_wconf 89' lang='lat' dir='ltr'>audeo</span> 
     </span>
     <span class='ocr_line' id='line_1_20' title="bbox 177 2047 2330 2225; baseline 0 -31"><span class='ocrx_word' id='word_1_170' title='bbox 177 2047 416 2206; x_wconf 53' lang='lat' dir='ltr'>{icere</span> <span class='ocrx_word' id='word_1_171' title='bbox 447 2124 1024 2222; x_wconf 83' lang='lat' dir='ltr'>improbabilem</span> <span class='ocrx_word' id='word_1_172' title='bbox 1048 2182 1065 2215; x_wconf 88' lang='lat'>,</span> <span class='ocrx_word' id='word_1_173' title='bbox 1126 2127 1294 2225; x_wconf 74' lang='lat' dir='ltr'>quia</span> <span class='ocrx_word' id='word_1_174' title='bbox 1351 2131 1594 2198; x_wconf 75' lang='lat' dir='ltr'>revera</span> <span class='ocrx_word' id='word_1_175' title='bbox 1625 2150 1774 2197; x_wconf 89' lang='lat' dir='ltr'>non</span> <span class='ocrx_word' id='word_1_176' title='bbox 1817 2122 2108 2195; x_wconf 88' lang='lat' dir='ltr'>videtur</span> <span class='ocrx_word' id='word_1_177' title='bbox 2138 2137 2330 2195; x_wconf 77' lang='lat' dir='ltr'>con-¹·</span> 
     </span>
     <span class='ocr_line' id='line_1_21' title="bbox 174 2220 2335 2324; baseline 0.001 -33"><span class='ocrx_word' id='word_1_178' title='bbox 174 2233 355 2294; x_wconf 84' lang='lat' dir='ltr'>stare</span> <span class='ocrx_word' id='word_1_179' title='bbox 378 2278 398 2311; x_wconf 93' lang='lat'>‚</span> <span class='ocrx_word' id='word_1_180' title='bbox 426 2221 628 2323; x_wconf 76' lang='lat' dir='ltr'>quod</span> <span class='ocrx_word' id='word_1_181' title='bbox 656 2225 845 2297; x_wconf 84' lang='lat' dir='ltr'>inter</span> <span class='ocrx_word' id='word_1_182' title='bbox 872 2226 1325 2324; x_wconf 87' lang='lat' dir='ltr'>Episcopum</span> <span class='ocrx_word' id='word_1_183' title='bbox 1343 2239 1417 2294; x_wconf 90' lang='lat' dir='ltr'>et</span> <span class='ocrx_word' id='word_1_184' title='bbox 1435 2224 1887 2322; x_wconf 84' lang='lat' dir='ltr'>oppositores</span> <span class='ocrx_word' id='word_1_185' title='bbox 1915 2220 2335 2314; x_wconf 60' lang='lat' dir='ltr'>intercedat</span> 
     </span>
     <span class='ocr_line' id='line_1_22' title="bbox 176 2321 2413 2418; baseline 0 -29"><span class='ocrx_word' id='word_1_186' title='bbox 176 2335 473 2416; x_wconf 85' lang='lat' dir='ltr'>pactum</span> <span class='ocrx_word' id='word_1_187' title='bbox 503 2321 697 2394; x_wconf 86' lang='lat' dir='ltr'>illud</span> <span class='ocrx_word' id='word_1_188' title='bbox 730 2322 1058 2418; x_wconf 82' lang='lat' dir='ltr'>obligans</span> <span class='ocrx_word' id='word_1_189' title='bbox 1091 2321 1411 2418; x_wconf 75' lang='lat' dir='ltr'>rigorose</span> <span class='ocrx_word' id='word_1_190' title='bbox 1441 2348 1526 2392; x_wconf 85' lang='lat' dir='ltr'>ex</span> <span class='ocrx_word' id='word_1_191' title='bbox 1560 2321 1828 2417; x_wconf 82' lang='lat' dir='ltr'>justitia</span> <span class='ocrx_word' id='word_1_192' title='bbox 1859 2321 2338 2393; x_wconf 77' lang='lat' dir='ltr'>commutati-</span> <span class='ocrx_word' id='word_1_193' title='bbox 2406 2353 2413 2362; x_wconf 91' lang='lat'><strong>·</strong></span> 
     </span>
     <span class='ocr_line' id='line_1_23' title="bbox 174 2416 2339 2519; baseline 0.002 -34"><span class='ocrx_word' id='word_1_194' title='bbox 174 2439 255 2487; x_wconf 80' lang='lat' dir='ltr'>va</span> <span class='ocrx_word' id='word_1_195' title='bbox 283 2443 300 2508; x_wconf 88' lang='lat'>;</span> <span class='ocrx_word' id='word_1_196' title='bbox 327 2420 455 2500; x_wconf 85' lang='lat' dir='ltr'>Et,</span> <span class='ocrx_word' id='word_1_197' title='bbox 484 2418 655 2491; x_wconf 70' lang='lat' dir='ltr'>cum</span> <span class='ocrx_word' id='word_1_198' title='bbox 681 2446 831 2492; x_wconf 88' lang='lat' dir='ltr'>non</span> <span class='ocrx_word' id='word_1_199' title='bbox 859 2433 1144 2491; x_wconf 89' lang='lat' dir='ltr'>constet</span> <span class='ocrx_word' id='word_1_200' title='bbox 1164 2419 1255 2491; x_wconf 89' lang='lat' dir='ltr'>de</span> <span class='ocrx_word' id='word_1_201' title='bbox 1274 2420 1399 2492; x_wconf 86' lang='lat' dir='ltr'>tali</span> <span class='ocrx_word' id='word_1_202' title='bbox 1424 2434 1665 2519; x_wconf 76' lang='lat' dir='ltr'>pactu,</span> <span class='ocrx_word' id='word_1_203' title='bbox 1691 2444 1841 2518; x_wconf 77' lang='lat' dir='ltr'>non</span> <span class='ocrx_word' id='word_1_204' title='bbox 1867 2416 2156 2491; x_wconf 77' lang='lat' dir='ltr'>videtur</span> <span class='ocrx_word' id='word_1_205' title='bbox 2172 2441 2339 2491; x_wconf 91' lang='lat' dir='ltr'>con·</span> 
     </span>
     <span class='ocr_line' id='line_1_24' title="bbox 175 2516 1815 2614; baseline 0.002 -29"><span class='ocrx_word' id='word_1_206' title='bbox 175 2526 357 2590; x_wconf 81' lang='lat' dir='ltr'>stare</span> <span class='ocrx_word' id='word_1_207' title='bbox 389 2516 645 2589; x_wconf 78' lang='lat' dir='ltr'>detali</span> <span class='ocrx_word' id='word_1_208' title='bbox 678 2516 1141 2614; x_wconf 83' lang='lat' dir='ltr'>obligatione.</span> <span class='ocrx_word' id='word_1_209' title='bbox 1806 2570 1815 2580; x_wconf 87' lang='lat'><em>.</em></span> 
     </span>
    </p>

    <p class='ocr_par' dir='ltr' id='par_1_3' title="bbox 159 2614 2455 4190">
     <span class='ocr_line' id='line_1_25' title="bbox 264 2614 2450 2713; baseline 0 -26"><span class='ocrx_word' id='word_1_210' title='bbox 264 2617 510 2706; x_wconf 87' lang='lat' dir='ltr'>Quaer.</span> <span class='ocrx_word' id='word_1_211' title='bbox 544 2615 704 2688; x_wconf 88' lang='lat' dir='ltr'><strong>VII.</strong></span> <span class='ocrx_word' id='word_1_212' title='bbox 739 2617 853 2687; x_wconf 90' lang='lat' dir='ltr'>An</span> <span class='ocrx_word' id='word_1_213' title='bbox 888 2614 1172 2712; x_wconf 67' lang='lat' dir='ltr'>dignm,</span> <span class='ocrx_word' id='word_1_214' title='bbox 1197 2641 1271 2687; x_wconf 86' lang='lat' dir='ltr'>se</span> <span class='ocrx_word' id='word_1_215' title='bbox 1308 2640 1690 2713; x_wconf 89' lang='lat' dir='ltr'>opponens</span> <span class='ocrx_word' id='word_1_216' title='bbox 1724 2641 1858 2713; x_wconf 88' lang='lat' dir='ltr'>per</span> <span class='ocrx_word' id='word_1_217' title='bbox 1881 2623 2329 2687; x_wconf 84' lang='lat' dir='ltr'>coneursum</span> <span class='ocrx_word' id='word_1_218' title='bbox 2359 2646 2450 2687; x_wconf 80' lang='lat' dir='ltr'><strong><em>m</em></strong></span> 
     </span>
     <span class='ocr_line' id='line_1_26' title="bbox 179 2707 2340 2812; baseline 0.002 -32"><span class='ocrx_word' id='word_1_219' title='bbox 179 2707 536 2811; x_wconf 89' lang='lat' dir='ltr'>digniori,</span> <span class='ocrx_word' id='word_1_220' title='bbox 579 2729 834 2812; x_wconf 89' lang='lat' dir='ltr'>peccet</span> <span class='ocrx_word' id='word_1_221' title='bbox 862 2715 1266 2786; x_wconf 86' lang='lat' dir='ltr'>mortaliter</span> <span class='ocrx_word' id='word_1_222' title='bbox 1296 2769 1311 2800; x_wconf 89' lang='lat'><strong>‚</strong></span> <span class='ocrx_word' id='word_1_223' title='bbox 1345 2728 1416 2784; x_wconf 88' lang='lat' dir='ltr'>et</span> <span class='ocrx_word' id='word_1_224' title='bbox 1449 2727 1785 2786; x_wconf 89' lang='lat' dir='ltr'>teneatur</span> <span class='ocrx_word' id='word_1_225' title='bbox 1819 2712 1912 2785; x_wconf 83' lang='lat' dir='ltr'>ad</span> <span class='ocrx_word' id='word_1_226' title='bbox 1955 2714 2340 2785; x_wconf 75' lang='lat' dir='ltr'>restituen-</span> 
     </span>
     <span class='ocr_line' id='line_1_27' title="bbox 182 2808 2343 2902; baseline 0.001 -23"><span class='ocrx_word' id='word_1_227' title='bbox 182 2808 358 2882; x_wconf 89' lang='lat' dir='ltr'>dum</span> <span class='ocrx_word' id='word_1_228' title='bbox 388 2810 502 2882; x_wconf 88' lang='lat' dir='ltr'>illi</span> <span class='ocrx_word' id='word_1_229' title='bbox 542 2812 895 2884; x_wconf 86' lang='lat' dir='ltr'>damnum</span> <span class='ocrx_word' id='word_1_230' title='bbox 919 2868 937 2902; x_wconf 92' lang='lat'>,</span> <span class='ocrx_word' id='word_1_231' title='bbox 980 2814 1040 2884; x_wconf 89' lang='lat' dir='ltr'>si</span> <span class='ocrx_word' id='word_1_232' title='bbox 1067 2813 1525 2885; x_wconf 69' lang='lat' dir='ltr'>Benefici-m</span> <span class='ocrx_word' id='word_1_233' title='bbox 1557 2812 1881 2884; x_wconf 85' lang='lat' dir='ltr'>obtineat</span> <span class='ocrx_word' id='word_1_234' title='bbox 1910 2813 2027 2883; x_wconf 71' lang='grc' dir='ltr'>ΡΝ</span> <span class='ocrx_word' id='word_1_235' title='bbox 2034 2810 2170 2882; x_wconf 86' lang='lat' dir='ltr'>ulli</span> <span class='ocrx_word' id='word_1_236' title='bbox 2197 2811 2343 2882; x_wconf 82' lang='lat' dir='ltr'>du—</span> 
     </span>
     <span class='ocr_line' id='line_1_28' title="bbox 165 2897 2342 3008; baseline 0.002 -30"><span class='ocrx_word' id='word_1_237' title='bbox 165 2903 377 2980; x_wconf 78' lang='lat' dir='ltr'>·bium</span> <span class='ocrx_word' id='word_1_238' title='bbox 407 2965 424 2999; x_wconf 92' lang='lat'>,</span> <span class='ocrx_word' id='word_1_239' title='bbox 461 2905 685 3008; x_wconf 84' lang='lat' dir='ltr'>quin,</span> <span class='ocrx_word' id='word_1_240' title='bbox 731 2910 792 2982; x_wconf 89' lang='lat' dir='ltr'>si</span> <span class='ocrx_word' id='word_1_241' title='bbox 827 2924 1219 2983; x_wconf 84' lang='lat' dir='ltr'>concurrat</span> <span class='ocrx_word' id='word_1_242' title='bbox 1254 2908 1601 3007; x_wconf 82' lang='lat' dir='ltr'>indignus</span> <span class='ocrx_word' id='word_1_243' title='bbox 1637 2897 1803 2993; x_wconf 62' lang='lat' dir='ltr'>cuni</span> <span class='ocrx_word' id='word_1_244' title='bbox 1845 2909 2067 3007; x_wconf 86' lang='lat' dir='ltr'>digno</span> <span class='ocrx_word' id='word_1_245' title='bbox 2099 2964 2116 2991; x_wconf 83' lang='lat'>‚</span> <span class='ocrx_word' id='word_1_246' title='bbox 2164 2934 2342 3007; x_wconf 89' lang='lat' dir='ltr'>pec-</span> 
     </span>
     <span class='ocr_line' id='line_1_29' title="bbox 163 3006 2345 3105; baseline 0.001 -28"><span class='ocrx_word' id='word_1_247' title='bbox 163 3022 289 3102; x_wconf 33' lang='lat' dir='ltr'>‚c‘et</span> <span class='ocrx_word' id='word_1_248' title='bbox 342 3006 857 3080; x_wconf 87' lang='lat' dir='ltr'>concurrendo</span> <span class='ocrx_word' id='word_1_249' title='bbox 882 3061 899 3094; x_wconf 88' lang='lat'>,</span> <span class='ocrx_word' id='word_1_250' title='bbox 934 3022 1006 3079; x_wconf 88' lang='lat' dir='ltr'>et</span> <span class='ocrx_word' id='word_1_251' title='bbox 1041 3008 1493 3105; x_wconf 86' lang='lat' dir='ltr'>acceptando</span> <span class='ocrx_word' id='word_1_252' title='bbox 1524 3008 1973 3079; x_wconf 87' lang='lat' dir='ltr'>Beneficium</span> <span class='ocrx_word' id='word_1_253' title='bbox 2012 3022 2345 3081; x_wconf 83' lang='lat' dir='ltr'>teneatur</span> 
     </span>
     <span class='ocr_line' id='line_1_30' title="bbox 167 3104 2343 3203; baseline 0 -26"><span class='ocrx_word' id='word_1_254' title='bbox 167 3107 521 3180; x_wconf 78' lang='lat' dir='ltr'>&#39;resarcire</span> <span class='ocrx_word' id='word_1_255' title='bbox 552 3106 909 3179; x_wconf 86' lang='lat' dir='ltr'>damnum</span> <span class='ocrx_word' id='word_1_256' title='bbox 947 3105 1334 3194; x_wconf 77' lang='lat' dir='ltr'>Ecclesiae,</span> <span class='ocrx_word' id='word_1_257' title='bbox 1370 3104 1703 3203; x_wconf 87' lang='lat' dir='ltr'>illudque</span> <span class='ocrx_word' id='word_1_258' title='bbox 1737 3109 2139 3201; x_wconf 78' lang='lat' dir='ltr'>resignare3</span> <span class='ocrx_word' id='word_1_259' title='bbox 2176 3105 2343 3179; x_wconf 76' lang='lat' dir='ltr'>vide</span> 
     </span>
     <span class='ocr_line' id='line_1_31' title="bbox 171 3197 2339 3302; baseline 0.001 -28"><span class='ocrx_word' id='word_1_260' title='bbox 171 3201 439 3275; x_wconf 76' lang='lat' dir='ltr'>Sanch.</span> <span class='ocrx_word' id='word_1_261' title='bbox 502 3197 718 3302; x_wconf 53' lang='lat' dir='ltr'>Cous.</span> <span class='ocrx_word' id='word_1_262' title='bbox 766 3206 814 3277; x_wconf 87' lang='lat' dir='ltr'>l.</span> <span class='ocrx_word' id='word_1_263' title='bbox 876 3230 917 3275; x_wconf 86' lang='lat'><strong>2</strong></span> <span class='ocrx_word' id='word_1_264' title='bbox 974 3230 1036 3277; x_wconf 86' lang='lat' dir='ltr'>c.</span> <span class='ocrx_word' id='word_1_265' title='bbox 1106 3231 1129 3276; x_wconf 91' lang='lat'>1</span> <span class='ocrx_word' id='word_1_266' title='bbox 1182 3204 1369 3274; x_wconf 83' lang='lat' dir='ltr'>Dub.</span> <span class='ocrx_word' id='word_1_267' title='bbox 1403 3206 1447 3297; x_wconf 92' lang='lat'><strong><em>4</em></strong></span> <span class='ocrx_word' id='word_1_268' title='bbox 1480 3231 1551 3275; x_wconf 86' lang='lat' dir='ltr'>n.</span> <span class='ocrx_word' id='word_1_269' title='bbox 1590 3227 1661 3299; x_wconf 90' lang='lat'>9.</span> <span class='ocrx_word' id='word_1_270' title='bbox 1695 3218 1766 3273; x_wconf 81' lang='lat' dir='ltr'>et</span> <span class='ocrx_word' id='word_1_271' title='bbox 1788 3201 2005 3272; x_wconf 77' lang='lat' dir='ltr'>Solm.</span> <span class='ocrx_word' id='word_1_272' title='bbox 2034 3204 2123 3271; x_wconf 76' lang='lat' dir='ltr'>&#39;de</span> <span class='ocrx_word' id='word_1_273' title='bbox 2152 3204 2339 3277; x_wconf 82' lang='lat' dir='ltr'>Ben.</span> 
     </span>
     <span class='ocr_line' id='line_1_32' title="bbox 172 3298 2342 3398; baseline 0 -25"><span class='ocrx_word' id='word_1_274' title='bbox 172 3322 253 3373; x_wconf 65' lang='grc' dir='ltr'>τι.</span> <span class='ocrx_word' id='word_1_275' title='bbox 306 3300 470 3397; x_wconf 82' lang='lat'>373.</span> <span class='ocrx_word' id='word_1_276' title='bbox 517 3301 591 3373; x_wconf 92' lang='lat' dir='ltr'>Si</span> <span class='ocrx_word' id='word_1_277' title='bbox 640 3300 814 3374; x_wconf 76' lang='lat' dir='ltr'>vero</span> <span class='ocrx_word' id='word_1_278' title='bbox 867 3317 1261 3374; x_wconf 80' lang='lat' dir='ltr'>concurrat</span> <span class='ocrx_word' id='word_1_279' title='bbox 1285 3302 1548 3398; x_wconf 84' lang='lat' dir='ltr'>dignus</span> <span class='ocrx_word' id='word_1_280' title='bbox 1581 3326 1747 3371; x_wconf 86' lang='lat' dir='ltr'>cum</span> <span class='ocrx_word' id='word_1_281' title='bbox 1788 3298 2151 3397; x_wconf 82' lang='lat' dir='ltr'>digniore,</span> <span class='ocrx_word' id='word_1_282' title='bbox 2193 3301 2342 3374; x_wconf 89' lang='lat' dir='ltr'>duo</span> 
     </span>
     <span class='ocr_line' id='line_1_33' title="bbox 175 3396 2343 3486; baseline -0 -17"><span class='ocrx_word' id='word_1_283' title='bbox 175 3396 405 3470; x_wconf 84' lang='lat' dir='ltr'>dubia</span> <span class='ocrx_word' id='word_1_284' title='bbox 449 3413 878 3477; x_wconf 73' lang='lat' dir='ltr'>occurrunt.</span> <span class='ocrx_word' id='word_1_285' title='bbox 919 3399 1246 3473; x_wconf 84' lang='lat' dir='ltr'>Dubium</span> <span class='ocrx_word' id='word_1_286' title='bbox 1307 3426 1331 3471; x_wconf 88' lang='grc' dir='ltr'>ι</span> <span class='ocrx_word' id='word_1_287' title='bbox 1378 3413 1515 3486; x_wconf 84' lang='lat' dir='ltr'>est,</span> <span class='ocrx_word' id='word_1_288' title='bbox 1555 3425 1648 3469; x_wconf 86' lang='lat' dir='ltr'>an</span> <span class='ocrx_word' id='word_1_289' title='bbox 1674 3400 1811 3470; x_wconf 74' lang='lat' dir='ltr'>iste</span> <span class='ocrx_word' id='word_1_290' title='bbox 1833 3399 2343 3470; x_wconf 67' lang='lat' dir='ltr'>concurrendo</span> 
     </span>
     <span class='ocr_line' id='line_1_34' title="bbox 165 3494 2347 3597; baseline -0 -29"><span class='ocrx_word' id='word_1_291' title='bbox 165 3510 440 3597; x_wconf 73' lang='lat' dir='ltr'>peccet</span> <span class='ocrx_word' id='word_1_292' title='bbox 476 3497 837 3595; x_wconf 82' lang='lat' dir='ltr'>graviter?</span> <span class='ocrx_word' id='word_1_293' title='bbox 887 3499 1136 3589; x_wconf 73' lang='lat' dir='ltr'>Prima</span> <span class='ocrx_word' id='word_1_294' title='bbox 1178 3499 1533 3569; x_wconf 88' lang='lat' dir='ltr'>sententia</span> <span class='ocrx_word' id='word_1_295' title='bbox 1587 3512 1837 3593; x_wconf 82' lang='lat' dir='ltr'>negat,</span> <span class='ocrx_word' id='word_1_296' title='bbox 1895 3509 1966 3566; x_wconf 89' lang='lat' dir='ltr'>et</span> <span class='ocrx_word' id='word_1_297' title='bbox 2021 3494 2213 3566; x_wconf 83' lang='lat' dir='ltr'>hanc</span> <span class='ocrx_word' id='word_1_298' title='bbox 2235 3511 2347 3567; x_wconf 89' lang='lat' dir='ltr'>te·-</span> 
     </span>
     <span class='ocr_line' id='line_1_35' title="bbox 170 3593 2342 3695; baseline -0.002 -25"><span class='ocrx_word' id='word_1_299' title='bbox 170 3609 362 3670; x_wconf 80' lang='lat' dir='ltr'>nent</span> <span class='ocrx_word' id='word_1_300' title='bbox 394 3595 597 3669; x_wconf 78' lang='lat' dir='ltr'>Less.</span> <span class='ocrx_word' id='word_1_301' title='bbox 629 3597 676 3669; x_wconf 87' lang='lat' dir='ltr'>l.</span> <span class='ocrx_word' id='word_1_302' title='bbox 721 3623 761 3669; x_wconf 85' lang='lat'><strong>2</strong></span> <span class='ocrx_word' id='word_1_303' title='bbox 794 3618 855 3668; x_wconf 81' lang='lat' dir='ltr'>C.</span> <span class='ocrx_word' id='word_1_304' title='bbox 891 3596 983 3690; x_wconf 83' lang='lat'>34</span> <span class='ocrx_word' id='word_1_305' title='bbox 1016 3623 1087 3668; x_wconf 85' lang='lat' dir='ltr'>n.</span> <span class='ocrx_word' id='word_1_306' title='bbox 1175 3621 1241 3670; x_wconf 84' lang='grc' dir='ltr'>ο.</span> <span class='ocrx_word' id='word_1_307' title='bbox 1280 3593 1543 3692; x_wconf 58' lang='lat' dir='ltr'>Cos-..2</span> <span class='ocrx_word' id='word_1_308' title='bbox 1584 3593 2062 3695; x_wconf 40' lang='lat' dir='ltr'>aqu.-185.c1r.</span> <span class='ocrx_word' id='word_1_309' title='bbox 2103 3594 2171 3665; x_wconf 82' lang='lat'>3.</span> <span class='ocrx_word' id='word_1_310' title='bbox 2204 3596 2342 3665; x_wconf 87' lang='lat' dir='ltr'>Az.</span> 
     </span>
     <span class='ocr_line' id='line_1_36' title="bbox 159 3690 2344 3790; baseline -0 -23"><span class='ocrx_word' id='word_1_311' title='bbox 159 3718 222 3767; x_wconf 70' lang='lat'>&#39;2</span> <span class='ocrx_word' id='word_1_312' title='bbox 242 3719 324 3787; x_wconf 85' lang='lat' dir='ltr'>p.</span> <span class='ocrx_word' id='word_1_313' title='bbox 363 3693 477 3766; x_wconf 81' lang='lat' dir='ltr'>lib.</span> <span class='ocrx_word' id='word_1_314' title='bbox 508 3693 560 3765; x_wconf 88' lang='lat'>6</span> <span class='ocrx_word' id='word_1_315' title='bbox 588 3722 647 3766; x_wconf 88' lang='lat' dir='ltr'>c.</span> <span class='ocrx_word' id='word_1_316' title='bbox 693 3693 775 3767; x_wconf 85' lang='lat'>15</span> <span class='ocrx_word' id='word_1_317' title='bbox 853 3722 922 3768; x_wconf 82' lang='lat' dir='ltr'>v.</span> <span class='ocrx_word' id='word_1_318' title='bbox 971 3697 1079 3787; x_wconf 88' lang='lat'>14.</span> <span class='ocrx_word' id='word_1_319' title='bbox 1164 3695 1328 3766; x_wconf 84' lang='lat' dir='ltr'>alm.</span> <span class='ocrx_word' id='word_1_320' title='bbox 1359 3718 1431 3764; x_wconf 44' lang='lat' dir='ltr'>na</span> <span class='ocrx_word' id='word_1_321' title='bbox 1475 3692 1637 3790; x_wconf 83' lang='lat'>374.</span> <span class='ocrx_word' id='word_1_322' title='bbox 1673 3717 1824 3763; x_wconf 85' lang='lat' dir='ltr'>cum</span> <span class='ocrx_word' id='word_1_323' title='bbox 1864 3690 2075 3778; x_wconf 71' lang='lat' dir='ltr'>Solo,</span> <span class='ocrx_word' id='word_1_324' title='bbox 2116 3692 2344 3766; x_wconf 76' lang='lat' dir='ltr'>Bana,</span> 
     </span>
     <span class='ocr_line' id='line_1_37' title="bbox 164 3789 2455 3891; baseline -0.001 -28"><span class='ocrx_word' id='word_1_325' title='bbox 164 3790 359 3863; x_wconf 71' lang='lat' dir='ltr'>Led.</span> <span class='ocrx_word' id='word_1_326' title='bbox 398 3808 527 3865; x_wconf 81' lang='lat' dir='ltr'>ete.</span> <span class='ocrx_word' id='word_1_327' title='bbox 579 3792 754 3865; x_wconf 71' lang='lat' dir='ltr'>item</span> <span class='ocrx_word' id='word_1_328' title='bbox 845 3794 1016 3891; x_wconf 64' lang='lat' dir='ltr'>Tasq.</span> <span class='ocrx_word' id='word_1_329' title='bbox 1054 3809 1126 3864; x_wconf 83' lang='lat' dir='ltr'>et</span> <span class='ocrx_word' id='word_1_330' title='bbox 1173 3793 1332 3863; x_wconf 68' lang='grc' dir='ltr'><em>θον.</em></span> <span class='ocrx_word' id='word_1_331' title='bbox 1382 3792 1577 3887; x_wconf 81' lang='lat' dir='ltr'>apud</span> <span class='ocrx_word' id='word_1_332' title='bbox 1605 3790 1800 3886; x_wconf 74' lang='lat' dir='ltr'>Lnga</span> <span class='ocrx_word' id='word_1_333' title='bbox 1846 3791 1941 3861; x_wconf 87' lang='lat' dir='ltr'>D.</span> <span class='ocrx_word' id='word_1_334' title='bbox 1991 3789 2083 3860; x_wconf 82' lang='lat'>35</span> <span class='ocrx_word' id='word_1_335' title='bbox 2117 3813 2188 3860; x_wconf 83' lang='lat' dir='ltr'>n.</span> <span class='ocrx_word' id='word_1_336' title='bbox 2227 3789 2345 3860; x_wconf 85' lang='lat'>88.</span> <span class='ocrx_word' id='word_1_337' title='bbox 2450 3879 2455 3884; x_wconf 19' lang='grc' dir='ltr'>ι</span> 
     </span>
     <span class='ocr_line' id='line_1_38' title="bbox 159 3883 2353 3990; baseline -0.002 -27"><span class='ocrx_word' id='word_1_338' title='bbox 159 3887 421 3974; x_wconf 67' lang='lat' dir='ltr'>Ratio,</span> <span class='ocrx_word' id='word_1_339' title='bbox 465 3903 621 3962; x_wconf 81' lang='lat' dir='ltr'>tum</span> <span class='ocrx_word' id='word_1_340' title='bbox 662 3889 833 3990; x_wconf 69' lang='lat' dir='ltr'>quia</span> <span class='ocrx_word' id='word_1_341' title='bbox 870 3916 1019 3963; x_wconf 90' lang='lat' dir='ltr'>non</span> <span class='ocrx_word' id='word_1_342' title='bbox 1056 3890 1375 3990; x_wconf 87' lang='lat' dir='ltr'>pertinet</span> <span class='ocrx_word' id='word_1_343' title='bbox 1408 3887 1505 3959; x_wconf 90' lang='lat' dir='ltr'>ad</span> <span class='ocrx_word' id='word_1_344' title='bbox 1537 3883 2067 3986; x_wconf 85' lang='lat' dir='ltr'>ipsummerita</span> <span class='ocrx_word' id='word_1_345' title='bbox 2103 3883 2353 3958; x_wconf 82' lang='lat' dir='ltr'>discu-</span> 
     </span>
     <span class='ocr_line' id='line_1_39' title="bbox 159 3975 2351 4085; baseline -0.001 -27"><span class='ocrx_word' id='word_1_346' title='bbox 159 3998 336 4059; x_wconf 81' lang='lat' dir='ltr'>‘tere</span> <span class='ocrx_word' id='word_1_347' title='bbox 366 4043 384 4076; x_wconf 83' lang='lat'><strong>‚</strong></span> <span class='ocrx_word' id='word_1_348' title='bbox 417 3989 546 4061; x_wconf 88' lang='lat' dir='ltr'>sed</span> <span class='ocrx_word' id='word_1_349' title='bbox 569 3989 671 4062; x_wconf 84' lang='lat' dir='ltr'>&#39;ad</span> <span class='ocrx_word' id='word_1_350' title='bbox 703 3988 1124 4072; x_wconf 78' lang='lat' dir='ltr'>Electores;</span> <span class='ocrx_word' id='word_1_351' title='bbox 1160 3988 1325 4063; x_wconf 78' lang='lat' dir='ltr'>ideo</span> <span class='ocrx_word' id='word_1_352' title='bbox 1350 3987 1408 4059; x_wconf 88' lang='lat' dir='ltr'>si</span> <span class='ocrx_word' id='word_1_353' title='bbox 1436 3986 1591 4085; x_wconf 87' lang='lat' dir='ltr'>ipse</span> <span class='ocrx_word' id='word_1_354' title='bbox 1617 3986 2068 4058; x_wconf 79' lang='lat' dir='ltr'>Beneficium</span> <span class='ocrx_word' id='word_1_355' title='bbox 2103 3975 2307 4083; x_wconf 21' lang='lat' dir='ltr'>petat*</span> <span class='ocrx_word' id='word_1_356' title='bbox 2329 4039 2351 4069; x_wconf 85' lang='lat'><strong>‚</strong></span> 
     </span>
     <span class='ocr_line' id='line_1_40' title="bbox 163 4081 2351 4190; baseline -0.001 -31"><span class='ocrx_word' id='word_1_357' title='bbox 163 4085 372 4188; x_wconf 79' lang='lat' dir='ltr'>‘petit</span> <span class='ocrx_word' id='word_1_358' title='bbox 397 4085 535 4172; x_wconf 80' lang='lat' dir='ltr'>sub</span> <span class='ocrx_word' id='word_1_359' title='bbox 573 4081 1057 4181; x_wconf 72' lang='lat' dir='ltr'>conditione,</span> <span class='ocrx_word' id='word_1_360' title='bbox 1089 4087 1153 4162; x_wconf 84' lang='lat' dir='ltr'>si</span> <span class='ocrx_word' id='word_1_361' title='bbox 1178 4085 1467 4187; x_wconf 84' lang='lat' dir='ltr'>dignior</span> <span class='ocrx_word' id='word_1_362' title='bbox 1490 4083 1823 4170; x_wconf 76' lang='lat' dir='ltr'>videatur</span> <span class='ocrx_word' id='word_1_363' title='bbox 1846 4081 2079 4190; x_wconf 55' lang='lat' dir='ltr'>{Tum</span> <span class='ocrx_word' id='word_1_364' title='bbox 2115 4137 2134 4186; x_wconf 75' lang='lat'>‚</span> <span class='ocrx_word' id='word_1_365' title='bbox 2177 4084 2351 4186; x_wconf 77' lang='lat' dir='ltr'>quia</span> 
     </span>
    </p>
   </div>
  </div>
 </body>
</html>
