2950 4709
623 220 750 311 274
848 220 926 288 L.
959 214 1074 287 111.
1108 218 1326 288 Tract.
1361 217 1482 287 Vl.
1513 219 1615 286 De
1645 217 1796 288 Oct.
1831 219 2025 291 Praec.
2059 233 2124 287 et
2152 218 2341 289 Praec.
2371 218 2544 288 Eccl.

621 356 791 404 cum
825 331 1007 402 Bus.
1038 329 1234 428 Lago
1262 357 1342 407 η.
1397 331 1486 405 16
1530 359 1686 406 cum
1728 332 1935 405 Fabr.
1990 333 2284 407 Holzm.
2322 334 2407 404 de
2443 328 2724 405 Restitut-

619 455 775 525 (ξαρ.
816 429 861 505 3
904 453 982 502 n.
1027 428 1190 502 301.
1235 430 1453 501 Croiae
1487 433 1617 503 loc.
1647 428 1761 503 cit.
1794 427 1996 526 Spor.
2034 457 2107 505 n.
2149 457 2301 504 102.
2338 430 2645 503 Salmant
2667 427 2721 497 d.

617 552 692 597 n.
739 552 870 599 122
908 538 1109 600 tenet
1145 526 1479 601 sufficere
1509 527 1592 602 iit
1635 525 2040 628 plurimum
2080 531 2602 603 restitutionem
2635 523 2728 594 fa-

615 649 781 701 cere
818 624 1019 725 apud
1044 625 1506 701 immediatos
1536 681 1557 714 ,
1589 639 1749 699 tum
1838 628 1954 700 uia
1993 627 2350 701 restitutio
2389 626 2581 726 apud
2602 648 2726 695 om·

617 748 750 797 nes
791 719 1143 811 mediatos
1195 723 1384 823 soepe
1441 737 1552 797 est
1601 654 1972 799 moraliter
2005 724 2481 825 impossibilis
2527 752 2543 793 ε
2595 736 2720 794 tum

616 822 790 921 quia
822 847 954 922 per
989 821 1193 894 illam
1234 824 1823 901 retractationem
1858 848 2105 898 coram
2138 822 2575 897 immediatis
2607 826 2714 916 jam

615 919 1024 1020 imponitur
1053 920 1141 992 iis
1177 918 1524 1016 obligatio
1552 947 1628 995 se
1662 921 2104 995 retractandi
2133 923 2331 1023 apud
2366 920 2564 993 alios,
2589 915 2708 1002 sed,

616 1015 731 1091 his
766 1044 915 1091 non
956 1017 1419 1091 obstantibus
1440 1075 1460 1108 ‚
1490 1022 1724 1119 prima
1754 1021 2111 1093 sententia
2141 1036 2250 1093 est
2279 1021 2467 1092 mihi
2495 1014 2712 1099 verior3

615 1117 947 1215 quamvis
986 1117 1186 1189 enim
1224 1115 1315 1188 ad
1345 1116 1537 1189 nihil
1570 1121 1879 1191 tenearis
1904 1176 1922 1202 ,
1961 1119 2021 1190 si
2060 1117 2432 1194 auditores
2476 1118 2578 1188 tui
2611 1117 2716 1212 jam

613 1240 690 1288 se
728 1227 1124 1288 retractent
1145 1212 1349 1314 apud
1379 1215 1564 1288 alios
1589 1241 1607 1305 ;
1637 1213 1937 1316 quando
1966 1230 2210 1289 tamen
2235 1215 2347 1288 illi
2370 1216 2512 1289 hoc
2535 1215 2722 1286 facere

613 1313 810 1412 negli
862 1327 1045 1400 unt,
1094 1312 1359 1386 teneris
1413 1312 1770 1386 damnum
1820 1340 2158 1413 reparare
2197 1370 2215 1403 ‚
2261 1312 2614 1414 quantum
2647 1323 2729 1382 est

609 1340 990 1499 moraiiter
1023 1410 1370 1510 possibile
1412 1440 1428 1483 ε
1464 1411 1738 1500 Proin,
1772 1412 1841 1483 si·
1878 1413 2269 1485 incendisti
2305 1427 2612 1510 segetem
2639 1410 2729 1480 tui

612 1509 932 1592 inimici,
955 1507 1359 1608 praevidens
1379 1511 1623 1608 ignem
1651 1507 1864 1584 facile
1889 1511 2443 1587 extendendum
2462 1510 2550 1582 ad
2568 1532 2734 1605 sege-

610 1620 720 1681 tes
749 1606 1130 1695 finitimas,
1162 1607 1427 1680 teneris
1454 1611 1708 1707 utique
1743 1622 1974 1681 totum
2000 1607 2359 1681 damnum
2392 1611 2733 1681 resarcire:

612 1732 782 1781 cum
804 1704 1119 1805 quisque
1139 1717 1470 1778 teneatur
1500 1709 1876 1780 restituere
1900 1732 2119 1780 omne
2142 1705 2502 1780 damnum
2523 1765 2540 1795 ,
2565 1701 2735 1803 quod

612 1803 829 1918 alteri
855 1803 1193 1903 provenit
1225 1828 1312 1877 ex
1342 1829 1474 1877 sua
1507 1806 1774 1904 injuria
1803 1860 1824 1896 ,
1871 1830 2160 1906 semper
2192 1831 2276 1878 ac
2305 1805 2504 1879 illud
2551 1803 2735 1876 fuerit

612 1928 1004 2004 praevisun.
2425 1992 2432 1998 Ι

709 2000 1419 2081 Notandum=autem
1457 2000 1583 2076 hic
1610 2059 1631 2092 ‚
1679 2002 1884 2104 quod
1912 2062 1930 2094 ,
1981 2030 2157 2079 cum
2194 2003 2385 2076 fama
2429 2004 2522 2076 sit
2552 1997 2734 2075 resti-

610 2098 886 2177 tuenda
928 2099 1018 2172 ab
1038 2125 1124 2174 eo
1150 2155 1168 2187 ,
1198 2103 1327 2201 qui
1351 2127 1608 2175 verum
1636 2104 1912 2176 crimen
1936 2100 2350 2202 propalavit
2368 2117 2549 2190 ‚tres
2567 2095 2734 2172 modi

613 2202 652 2272 a
676 2198 835 2272 DD.
874 2199 1332 2296 assignantur
1361 2229 1379 2271 ε
1408 2203 1468 2274 Ι.
1500 2198 1762 2275 Modus
1784 2259 1799 2285 ‚
1838 2214 1920 2274 ut
1952 2201 2169 2274 docet
2190 2199 2263 2272 S.
2297 2199 2555 2273 Thom.
2587 2224 2648 2271 2.
2675 2221 2727 2267 2.

609 2312 850 2397 quaest.
880 2298 1127 2392 62‘art
1158 2324 1200 2369 2
1236 2300 1342 2370 ad
1362 2326 1404 2373 2
1436 2312 1591 2389 est,
1636 2299 1699 2372 si
1733 2298 2146 2374 diffamator
2177 2298 2378 2372 dicat
2410 2326 2429 2368 ε
2471 2294 2561 2368 Se
2586 2291 2733 2368 mall

608 2393 882 2467 deltisse
902 2451 922 2484 ,
949 2395 1064 2466 vel
1092 2397 1284 2494 quod
1304 2396 1561 2494 zhl‘uste
1587 2423 1742 2468 eum
1774 2396 2260 2492 diffamaverit.
2285 2395 2435 2470 Sed
2461 2396 2580 2490 hic
2611 2417 2733 2466 mo-

610 2490 2030 2588 dus‚.utdicuntCajetan.Ledesm.Less.
2050 2492 2501 2594 op.Salm.de
2519 2489 2732 2564 Restit.

606 2616 762 2685 cap.
793 2593 839 2683 4
864 2616 937 2663 n.
973 2617 996 2663 ι
1013 2588 1104 2665 30
1126 2644 1147 2674 ,
1173 2591 1287 2663 vix
1312 2591 1537 2667 hodie
1569 2592 1936 2667 sufficiens
1961 2607 2071 2667 est
2096 2589 2298 2693 apud
2316 2593 2654 2677 rusticos,
2678 2601 2734 2659 et

606 2687 1004 2786 simplices.
1061 2688 1152 2760 11.
1222 2688 1489 2764 Modus
1523 2747 1544 2778 ,
1604 2691 1733 2789 qui
1797 2692 2291 2767 communiter
2353 2690 2733 2791 aptissimus

606 2786 1062 2859 existimatur
1088 2842 1106 2876 ‚
1145 2801 1255 2859 est
1279 2840 1302 2871 ‚
1336 2787 1576 2887 quod,
1608 2791 1674 2862 si
1713 2793 2074 2863 restitutio
2116 2789 2328 2863 famae
2366 2791 2514 2862 alio
2548 2785 2732 2858 modo

607 2882 796 2958 sacta
835 2884 1079 2981 potins
1114 2899 1420 2968 noceat,
1459 2889 1686 2985 quam
1720 2889 1991 2986 prosit,
2023 2903 2207 2961 tunc
2243 2887 2510 2960 melior
2534 2887 2622 2958 sit
2648 2885 2731 2956 in·

609 2982 887 3063 directe
927 2984 1310 3057 occasione
1340 2982 1590 3071 oblata
1622 3038 1641 3069 ‚
1673 2984 1861 3058 serio
1888 2999 1965 3058 et
1999 2984 2275 3087 pluries
2308 2980 2737 3058 honorabili·

607 3095 721 3154 ter
755 3080 963 3182 loqui
999 3080 1090 3153 de
1125 3081 1294 3156 laeso
1327 3136 1346 3168 ‚
1397 3081 1517 3157 vel
1567 3081 1784 3155 illum
1838 3082 2249 3161 honorifice
2287 3098 2618 3158 tractare.
2649 3080 2733 3152 Iu

605 3178 802 3253 Salm
842 3206 999 3255 cum
1044 3180 1275 3277 Cojet.
1314 3181 1382 3251 d.
1412 3181 1694 3257 n.113o.
1726 3181 1833 3257 IH
1873 3183 2136 3257 Modus
2173 3197 2361 3256 esset
2388 3202 2728 3254 assereret

607 3276 660 3349 S
661 3303 712 3364 e,
724 3277 997 3366 fabrum
1031 3277 1305 3351 dixisse
1321 3333 1341 3363 ‚
1376 3281 1651 3353 errdsse
1675 3334 1693 3363 ‚
1724 3306 1806 3365 se
1839 3280 2200 3379 deceptum
2216 3336 2237 3367 ,
2273 3280 2388 3353 vel
2406 3277 2733 3351 mentitum

578 3373 854 3471 fluisse.
908 3377 1006 3448 Et
1059 3376 1233 3449 licet
1279 3375 1479 3449 hunc
1522 3377 1831 3453 modum
1871 3377 2206 3461 adhiberi
2249 3402 2460 3479 posse
2499 3383 2734 3472 negant

610 3471 867 3557 Sotus,
911 3473 1230 3564 Caletan.
1285 3475 1527 3553 Bana.
1574 3475 1760 3571 sylo,
1816 3492 1950 3553 etc.
2002 3479 2201 3574 apud
2247 3476 2468 3549 Salm.
2513 3501 2580 3546 n.
2628 3471 2727 3544 131

609 3585 952 3671 putantes
983 3572 1140 3644 haec
1160 3598 1314 3646 esse
1346 3599 1511 3651 vera
1543 3572 1977 3665 mendacin
1998 3574 2489 3649 probabiliter
2522 3586 2733 3645 tamen

606 3668 805 3766 Lugo
837 3670 909 3743 d.
963 3670 1044 3744 15
1080 3696 1151 3742 n.
1182 3672 1296 3749 30.
1328 3670 1590 3747 Sanch.
1619 3674 1799 3757 Dec.
1829 3672 1947 3750 lib.
1974 3674 2044 3748 3.
2073 3701 2233 3768 cap.
2268 3672 2320 3745 6
2350 3699 2424 3743 n.
2471 3673 2572 3763 ¹4·
2604 3663 2735 3737 Wi-

602 3768 828 3864 gandt
855 3768 928 3838 d.
973 3769 1113 3842 333
1149 3795 1234 3842 n:
1283 3774 1442 3862 ¹04.
1487 3770 1694 3842 Less.
1746 3796 1902 3864 cap.
1956 3798 1979 3844 ι
2006 3798 2068 3844 ι.
2099 3798 2171 3845 n.
2218 3798 2243 3845 t
2277 3797 2383 3845 ro.
2419 3761 2730 3861 RoncagL

609 3891 772 3960 cap.
816 3866 861 3938 3
889 3891 1007 3965 qu.
1045 3892 1112 3940 2.
1152 3869 1247 3938 R.
1295 3895 1363 3941 2.
1399 3870 1753 3942 Mazzott.
1804 3884 1851 3940 t.
1900 3896 2152 3968 1.pag.
2189 3870 2322 3961 451
2373 3892 2528 3942 cum
2561 3885 2731 3935 com-

611 3962 856 4047 muni,
922 3978 1007 4035 ut
1050 3960 1346 4050 asserit,
1398 3984 1472 4038 et
1517 3967 1737 4040 Salm.
1793 3964 2077 4043 13an
2137 3967 2274 4040 233
2327 3991 2481 4038 cum
2524 3955 2729 4035 Villal.

615 4057 829 4134 Trull.
860 4059 1039 4133 Led.
1098 4060 1283 4136 Serr.
1344 4065 1526 4162 Tap.
1572 4065 1793 4139 Prad.
1849 4065 2042 4163 Sarr.
2102 4065 2198 4141 P.
2228 4065 2423 4142 Nar.
2459 4065 2731 4139 censent
