2950 4709
645 250 788 353 „³7⁶
888 263 967 331 L.
999 263 1117 331 111.
1149 262 1366 332 Tract-
1399 262 1520 333 vl.
1553 262 1656 331 De
1684 259 1836 331 Oct.
1868 262 2062 333 Praec.
2101 279 2164 332 et
2191 264 2384 333 Praec.
2415 265 2580 333 Eccl.

756 380 874 451 An
923 391 1167 452 autem
1198 430 1221 464 ,
1268 375 1397 491 qui
1446 373 1718 474 injuste
1768 375 1993 449 alium
2035 376 2470 466 diffamavit,
2516 377 2747 452 crimen
2834 350 2835 441 ἶ

657 480 818 576 ejus
845 500 1095 567 verum
1123 473 1696 562 manifestando,
1729 488 2062 547 teneatur
2094 474 2370 575 integre
2397 475 2714 549 damnum
2734 529 2750 558 ,
2834 494 2835 497 ’

656 575 864 678 quod
889 573 1063 647 inde
1084 587 1421 646 secutum
1441 586 1571 661 est,
1591 573 2010 647 restituere?
2034 570 2265 672 Negat
2291 574 2525 660 Sotus‚
2545 573 2750 647 dicens

655 674 892 767 teneri
911 698 1081 746 eum
1099 669 1388 746 tantum
1410 671 1503 742 ad
1527 684 1833 770 partem,
1855 698 2027 745 cum
2053 670 2408 749 damnum
2433 671 2755 772 proveniat
2834 676 2835 753 ζ

653 799 807 848 non
860 773 1101 845 solum
1160 795 1247 847 ex
1288 769 1868 844 manifestatione
1890 826 1908 859 ‚
1957 768 2090 843 sed
2142 796 2232 844 ex
2276 771 2440 872 ipso
2501 769 2756 844 crimine
2834 762 2835 777 ¹

654 871 1046 946 commisso
1078 894 1097 959 ς
1132 882 1206 941 et
1240 867 1383 941 hoc
1421 866 1805 969 probabile
1841 881 2104 967 putant
2147 868 2426 943 Bonac.
2467 885 2539 940 et
2587 866 2757 939 Trull.

648 967 849 1070 apud
873 966 1093 1041 Salm.
1125 993 1199 1039 n.
1252 965 1409 1041 125.
1447 964 1592 1038 Sed
1622 964 1926 1038 omnino
1948 992 1996 1038 ο
2057 967 2376 1067 positum
2415 964 2758 1039 tenendum

647 1094 829 1159 cum
862 1066 1078 1145 Croix
1097 1063 1209 1137 lib.
1236 1065 1374 1162 3p.
1402 1090 1443 1134 2
1470 1089 1538 1137 n.
1579 1066 1759 1156 1240
1782 1079 1856 1135 et
1878 1062 1978 1135 Sa
2082 1121 2097 1136 .
2120 1089 2193 1140 n.
2238 1064 2372 1139 126
2389 1065 2759 1161 cumLoym.

649 1167 851 1263 ,Lago
875 1219 894 1250 ,
941 1162 1124 1236 Mol.
1153 1161 1477 1235 Dt'castil.
1507 1178 1639 1235 etc.
1680 1162 1852 1261 quia
1882 1161 2011 1236 hic
2033 1176 2107 1235 et
2139 1189 2343 1237 nunc
2375 1189 2502 1235 sua
2536 1162 2756 1259 injusta

651 1263 995 1340 revelatio
1022 1275 1131 1353 est
1167 1280 1382 1333 'causa
1409 1285 1575 1332 vera
1602 1273 1676 1332 et
1707 1261 1919 1334 unica
1949 1259 2238 1349 damni.
2270 1260 2450 1335 dum
2476 1259 2622 1334 sine
2641 1260 2758 1359 ipsa

656 1363 1012 1437 damnum
1047 1355 1353 1431 omnino
1383 1355 1760 1431 abfuisset.

535 1464 639 1532 ‘995
759 1492 797 1529 (ι
850 1460 917 1531 3.
968 1459 1116 1550 Qui
1159 1455 1469 1528 detraxit
1508 1455 1717 1531 alteri
1741 1454 1996 1528 libello
2032 1457 2345 1544 famoso,
2381 1465 2760 1540 tenetur‚ut

651 1593 693 1631 »
750 1558 1003 1632 efficax
1042 1557 1136 1627 sit
1164 1554 1523 1627 restitutio
1548 1609 1567 1641 ‚
1604 1579 1766 1626 eam
1799 1554 2035 1640 facere
2068 1557 2455 1629 contrariis
2485 1556 2758 1653 scriptis,

656 1689 695 1727 n
749 1657 864 1729 vel
905 1651 1204 1754 publica
1257 1652 1738 1726 revocatione.
1773 1650 1874 1725 Sa
1905 1707 1925 1741 ‚
1965 1654 2236 1727 Bonae.
2289 1655 2368 1724 d.
2425 1680 2468 1725 2
2516 1655 2599 1725 de
2634 1667 2757 1722 test.

649 1787 687 1825 a
800 1770 994 1825 uoest.
1031 1754 1100 1845 4.
1130 1777 1209 1844 p.
1243 1774 1406 1848 9.»

749 1784 1176 1926 stutendum
1198 1847 1251 1920 l.
1268 1846 1467 1947 quod
1481 1846 1744 1920 libellus
1765 1844 2254 1942 &famaton‘us
2267 1862 2343 1922 tu
2353 1874 2448 1921 nc
2475 1847 2760 1921 conficia-

649 1967 811 2039 tur,
846 1946 1144 2051 quando
1182 1946 1549 2061 profertur
1570 1945 1963 2045 scriptura,
1991 1946 2124 2018 etsi
2150 1945 2604 2031 brevissima,
2631 1971 2760 2017 con·

519 2054 526 2061 ’
561 2078 566 2083 ·
652 2056 893 2125 tineus
951 2046 1329 2121 infamiam
1377 2043 1747 2117 occultam
1786 2044 2142 2142 alicujus,
2174 2059 2260 2118 ut
2315 2044 2610 2145 publica
2650 2045 2757 2114 fiat.

652 2149 873 2225 Unde
904 2173 1057 2221 non
1098 2150 1287 2218 esset
1326 2139 1491 2216 talis
1518 2196 1537 2230 ,
1570 2143 1634 2217 si
1674 2142 2048 2215 confectus
2098 2157 2299 2217 esset·
2319 2143 2414 2215 ad
2446 2142 2758 2241 ingenium

656 2238 1174 2324 ostentandam
1198 2298 1218 2332 ‚
1255 2265 1405 2312 non
1432 2253 1674 2314 autem
1702 2238 1983 2313 malum
2012 2237 2586 2340 publicandum3
2612 2238 2698 2311 vel
2718 2235 2781 2307 si·
2832 2326 2833 2337 ἵ

647 2348 952 2435 infamia
990 2349 1138 2441 jam
1168 2352 1356 2426 esset
1384 2339 1569 2412 facta
1604 2337 1944 2438 publiea3
1978 2339 2089 2412 vel
2118 2341 2178 2411 si
2216 2340 2383 2439 quis
2415 2340 2509 2413 ob
2536 2340 2755 2431 bonum

652 2445 1043 2548 publicum
1069 2436 1429 2538 proferret
1459 2434 1828 2511 defectum
1864 2451 2314 2532 grassantem
2350 2439 2429 2513 in
2477 2461 2756 2513 commu-

650 2538 1294 2641 nemperniciem3
1329 2533 1449 2608 vel
1488 2535 1550 2607 si
1583 2533 1750 2634 quis
1781 2538 2026 2634 jocosa
2061 2561 2211 2607 non
2237 2538 2477 2634 gravia
2504 2530 2754 2625 conscri-

651 2642 884 2714 beret.
913 2638 1022 2709 Ita
1065 2632 1285 2706 Salm.
1338 2633 1424 2723 de
1473 2633 1679 2706 Rest.
1717 2658 1782 2706 c.
1822 2636 1869 2726 4
1901 2657 1973 2707 n.
2031 2631 2127 2729 39
2151 2659 2303 2705 cum
2329 2635 2492 2705 Dic.
2529 2635 2758 2705 Bon.et

625 2737 834 2827 altis.
873 2731 1298 2810 Notandum
1331 2728 1425 2803 II.
1466 2756 1643 2802 cum
1668 2729 1849 2823 Mol.
1876 2745 1950 2801 et
1973 2728 2135 2804 Dic.
2170 2730 2261 2804 ib.
2294 2757 2369 2804 n.
2408 2735 2525 2829 49,
2560 2741 2757 2805 aucto·

633 2863 814 2927 ,rem
848 2830 1084 2908 libelli
1116 2828 1445 2915 censeri,
1481 2842 1556 2901 et
1588 2827 1829 2927 poenis
1858 2825 2131 2927 subjici
2155 2830 2380 2902 etiam
2410 2830 2646 2913 illum,
2669 2820 2758 2923 qul

627 2930 958 3035 :aliquod
1014 2928 1304 3027 signum
1360 2923 1914 3001 infamator-ium
1961 2925 2316 3024 appendit
2374 2926 2469 3001 ad
2525 2933 2758 3028 januam

649 3034 925 3128 domus
965 3026 1278 3121 alicujus
1306 3049 1508 3120 ,quo
1548 3021 1847 3122 publice
1878 3050 2048 3097 eum
2087 3023 2759 3111 infamet.,Dicuntur

625 3206 635 3215 ,
657 3147 902 3206 autem
927 3124 1165 3201 libelli
1185 3123 1444 3197 famosi
1475 3124 1694 3197 etiam
1723 3119 2102 3195 scheduloe
2129 3122 2222 3195 ad
2238 3125 2282 3199 -J
2287 3125 2536 3200 udices
2559 3121 2759 3194 delatae

646 3229 917 3303 ⁸contra
948 3226 1274 3324 aliquem
1302 3219 1463 3293 sine
1499 3219 1800 3297 nomine
1828 3221 2237 3294 accusantis
2260 3278 2279 3312 ‚
2310 3222 2406 3294 ob
2438 3248 2609 3322 quas
2642 3238 2758 3317 pro-

629 3309 963 3401 ‘hibetur
992 3317 1381 3398 Judicibus
1436 3316 1531 3390 ad
1575 3318 2123 3416 inquisitionem
2181 3321 2571 3418 procedere
2616 3320 2680 3389 in
2713 3337 2759 3382 c.

664 3419 1163 3525 Inquzlsz’tc'omk.
1178 3416 1225 3513 .§
1243 3417 1490 3487 Tertioe
1503 3417 1592 3485 de
1609 3417 1943 3509 Accusat.
1968 3416 2395 3491 Notandum
2416 3418 2542 3491 III.
2558 3405 2762 3509 Quoad

552 3532 586 3541 ”
625 3606 634 3613 ὅ
665 3548 966 3624 poenam
998 3518 1253 3593 contra
1286 3510 1467 3588 tales
1509 3510 1802 3601 libellos
1849 3514 2323 3588 conficientes
2347 3575 2369 3603 ,
2403 3516 2636 3589 adesse
2672 3531 2760 3583 ex·
2830 3508 2831 3561 3

625 3688 634 3693 .
667 3614 1410 3694 communicationem
1441 3609 1817 3682 ferendam
1845 3636 1933 3683 ex
1955 3634 2016 3683 c,
2050 3612 2195 3712 Qui
2214 3613 2492 3685 alterius
2515 3614 2559 3685 5
2593 3638 2651 3709 q.
2685 3631 2759 3679 11·
2830 3696 2831 3709 ἵ

625 3786 632 3791 .
661 3722 919 3794 Latam
960 3729 1204 3789 autem
1234 3712 1394 3809 ipso
1436 3709 1629 3782 facto
1654 3764 1675 3798 ,
1714 3709 1775 3781 si
1801 3707 2099 3783 libellus
2126 3711 2229 3783 sit
2261 3716 2512 3785 contra
2545 3713 2760 3806 Papam

665 3831 795 3890 aut
830 3809 1354 3889 Cardinalem:
1409 3806 1562 3878 imo
1594 3821 1780 3880 esset
1826 3822 2179 3882 reservata
2214 3864 2233 3895 ,
2286 3809 2347 3881 si
2394 3806 2668 3889 libellus
2694 3799 2762 3871 sit
2830 3852 2831 3897 3

663 3918 923 3989 contra
950 3913 1233 3984 Statum
1267 3903 1634 3981 ordinum
1667 3900 2073 3992 Minor-um.
2100 3920 2228 3978 aut
2256 3908 2760 3981 praedicatorum
2830 3902 2831 3981 Ξ

621 4088 637 4107 ‚
663 4027 799 4085 aut
811 4010 1124 4101 aliorum
1148 4003 2289 4106 privilegiiscommunicantium,
2320 4019 2403 4079 ut
2421 4006 2601 4077 Bon.
2621 3992 2757 4069 Mol.

666 4110 827 4184 Dic.
867 4124 998 4180 etc,
1056 4103 1248 4202 apud
1277 4103 1491 4174 Salm.
1549 4100 1640 4175 ib.
1690 4126 1762 4173 n.
1801 4105 1918 4199 41.
1959 4104 2129 4181 Non
2168 4102 2341 4183 vero
2375 4158 2401 4194 ,
2454 4104 2514 4187 si
2555 4094 2755 4174 contu

668 4205 1109 4305 Religiosum
1142 4198 1690 4300 particularem.
