<?xml version="1.0" encoding="UTF-8"?>
<!DOCTYPE html PUBLIC "-//W3C//DTD XHTML 1.0 Transitional//EN"
    "http://www.w3.org/TR/xhtml1/DTD/xhtml1-transitional.dtd">
<html xmlns="http://www.w3.org/1999/xhtml" xml:lang="en" lang="en">
 <head>
  <title>
</title>
<meta http-equiv="Content-Type" content="text/html;charset=utf-8" />
  <meta name='ocr-system' content='tesseract 3.04.00' />
  <meta name='ocr-capabilities' content='ocr_page ocr_carea ocr_par ocr_line ocrx_word'/>
</head>
<body>
  <div class='ocr_page' id='page_1' title='image "./theologiamorali06mansgoog_0423.png"; bbox 0 0 2950 4709; ppageno 0'>
   <div class='ocr_carea' id='block_1_1' title="bbox 70 249 2390 4187">
    <p class='ocr_par' dir='ltr' id='par_1_1' title="bbox 130 249 2276 955">
     <span class='ocr_line' id='line_1_1' title="bbox 520 249 2268 350; baseline 0.006 -29"><span class='ocrx_word' id='word_1_1' title='bbox 520 251 682 344; x_wconf 83' lang='lat' dir='ltr'>Cap.</span> <span class='ocrx_word' id='word_1_2' title='bbox 713 251 770 321; x_wconf 89' lang='lat' dir='ltr'>I.</span> <span class='ocrx_word' id='word_1_3' title='bbox 809 249 985 324; x_wconf 79' lang='lat' dir='ltr'>nub.</span> <span class='ocrx_word' id='word_1_4' title='bbox 1018 257 1107 326; x_wconf 82' lang='lat' dir='ltr'>V.</span> <span class='ocrx_word' id='word_1_5' title='bbox 1134 249 1235 326; x_wconf 76' lang='lat' dir='ltr'>De</span> <span class='ocrx_word' id='word_1_6' title='bbox 1261 255 1446 350; x_wconf 80' lang='lat' dir='ltr'>Statu</span> <span class='ocrx_word' id='word_1_7' title='bbox 1467 255 1826 349; x_wconf 52' lang='lat' dir='ltr'>Religion).</span> <span class='ocrx_word' id='word_1_8' title='bbox 2146 254 2268 334; x_wconf 75' lang='lat'>421</span> 
     </span>
     <span class='ocr_line' id='line_1_2' title="bbox 144 343 2273 473; baseline 0.011 -48"><span class='ocrx_word' id='word_1_9' title='bbox 144 343 227 427; x_wconf 77' lang='lat' dir='ltr'>tis</span> <span class='ocrx_word' id='word_1_10' title='bbox 257 409 276 441; x_wconf 76' lang='lat'>‚</span> <span class='ocrx_word' id='word_1_11' title='bbox 322 364 875 458; x_wconf 76' lang='lat' dir='ltr'>quos-Parentes</span> <span class='ocrx_word' id='word_1_12' title='bbox 924 353 1752 465; x_wconf 47' lang='lat' dir='ltr'>nequeunt‘in‘saeculo</span> <span class='ocrx_word' id='word_1_13' title='bbox 1805 369 2222 473; x_wconf 81' lang='lat' dir='ltr'>relinquere</span> <span class='ocrx_word' id='word_1_14' title='bbox 2249 433 2273 467; x_wconf 84' lang='lat'>‚</span> 
     </span>
     <span class='ocr_line' id='line_1_3' title="bbox 137 456 2276 556; baseline 0.011 -32"><span class='ocrx_word' id='word_1_15' title='bbox 137 456 301 550; x_wconf 78' lang='lat' dir='ltr'>&#39;quin&#39;</span> <span class='ocrx_word' id='word_1_16' title='bbox 328 457 427 529; x_wconf 90' lang='lat' dir='ltr'>eis</span> <span class='ocrx_word' id='word_1_17' title='bbox 459 461 893 556; x_wconf 83' lang='lat' dir='ltr'>provideant</span> <span class='ocrx_word' id='word_1_18' title='bbox 917 465 1009 536; x_wconf 90' lang='lat' dir='ltr'>de</span> <span class='ocrx_word' id='word_1_19' title='bbox 1036 469 1484 554; x_wconf 75' lang='lat' dir='ltr'>necessariiS,</span> <span class='ocrx_word' id='word_1_20' title='bbox 1501 473 1649 541; x_wconf 76' lang='lat' dir='ltr'>tam</span> <span class='ocrx_word' id='word_1_21' title='bbox 1685 470 1777 542; x_wconf 89' lang='lat' dir='ltr'>ad</span> <span class='ocrx_word' id='word_1_22' title='bbox 1802 473 2276 547; x_wconf 83' lang='lat' dir='ltr'>sustentatio·-</span> 
     </span>
     <span class='ocr_line' id='line_1_4' title="bbox 136 560 2273 654; baseline 0.011 -33"><span class='ocrx_word' id='word_1_23' title='bbox 136 567 335 638; x_wconf 76' lang='lat' dir='ltr'>nem‘‚</span> <span class='ocrx_word' id='word_1_24' title='bbox 372 563 592 654; x_wconf 75' lang='lat' dir='ltr'>quam</span> <span class='ocrx_word' id='word_1_25' title='bbox 645 560 735 631; x_wconf 90' lang='lat' dir='ltr'>ad</span> <span class='ocrx_word' id='word_1_26' title='bbox 784 562 1354 638; x_wconf 80' lang='lat' dir='ltr'>instrumentum</span> <span class='ocrx_word' id='word_1_27' title='bbox 1407 592 1725 639; x_wconf 88' lang='lat' dir='ltr'>morum.</span> <span class='ocrx_word' id='word_1_28' title='bbox 1778 566 2000 641; x_wconf 79' lang='lat' dir='ltr'>Seciis</span> <span class='ocrx_word' id='word_1_29' title='bbox 2028 585 2273 644; x_wconf 83' lang='lat' dir='ltr'>autem</span> 
     </span>
     <span class='ocr_line' id='line_1_5' title="bbox 136 644 2275 768; baseline 0.01 -50"><span class='ocrx_word' id='word_1_30' title='bbox 136 644 217 720; x_wconf 84' lang='lat' dir='ltr'>de</span> <span class='ocrx_word' id='word_1_31' title='bbox 266 650 426 726; x_wconf 86' lang='lat' dir='ltr'>filiis</span> <span class='ocrx_word' id='word_1_32' title='bbox 486 661 957 757; x_wconf 80' lang='lat' dir='ltr'>emancipatis</span> <span class='ocrx_word' id='word_1_33' title='bbox 985 718 1005 747; x_wconf 86' lang='lat'><em>,</em></span> <span class='ocrx_word' id='word_1_34' title='bbox 1059 682 1243 761; x_wconf 87' lang='lat' dir='ltr'>quos</span> <span class='ocrx_word' id='word_1_35' title='bbox 1296 664 1642 737; x_wconf 87' lang='lat' dir='ltr'>Parentes</span> <span class='ocrx_word' id='word_1_36' title='bbox 1669 721 1689 751; x_wconf 86' lang='lat'>‚</span> <span class='ocrx_word' id='word_1_37' title='bbox 1745 667 2113 741; x_wconf 75' lang='lat' dir='ltr'>ordinarie</span> <span class='ocrx_word' id='word_1_38' title='bbox 2163 667 2275 768; x_wconf 63' lang='lat'>¹⁰:</span> 
     </span>
     <span class='ocr_line' id='line_1_6' title="bbox 132 751 2271 857; baseline 0.011 -41"><span class='ocrx_word' id='word_1_39' title='bbox 132 751 453 843; x_wconf 85' lang='lat' dir='ltr'>quend0‚</span> <span class='ocrx_word' id='word_1_40' title='bbox 498 778 633 827; x_wconf 88' lang='lat' dir='ltr'>nec</span> <span class='ocrx_word' id='word_1_41' title='bbox 688 755 882 829; x_wconf 90' lang='lat' dir='ltr'>alere</span> <span class='ocrx_word' id='word_1_42' title='bbox 913 815 932 849; x_wconf 86' lang='lat'>,</span> <span class='ocrx_word' id='word_1_43' title='bbox 963 784 1105 832; x_wconf 88' lang='lat' dir='ltr'>nec</span> <span class='ocrx_word' id='word_1_44' title='bbox 1126 761 1485 835; x_wconf 83' lang='lat' dir='ltr'>instruere</span> <span class='ocrx_word' id='word_1_45' title='bbox 1524 789 1638 834; x_wconf 89' lang='lat' dir='ltr'>am</span> <span class='ocrx_word' id='word_1_46' title='bbox 1703 763 1840 835; x_wconf 69' lang='lat' dir='ltr'>lius</span> <span class='ocrx_word' id='word_1_47' title='bbox 1876 778 2222 852; x_wconf 77' lang='lat' dir='ltr'>tenentur</span> <span class='ocrx_word' id='word_1_48' title='bbox 2249 821 2271 857; x_wconf 82' lang='grc'><em>,</em></span> 
     </span>
     <span class='ocr_line' id='line_1_7' title="bbox 130 791 2001 955; baseline 0.011 -42"><span class='ocrx_word' id='word_1_49' title='bbox 130 844 259 916; x_wconf 88' lang='lat' dir='ltr'>nisi</span> <span class='ocrx_word' id='word_1_50' title='bbox 288 847 418 921; x_wconf 82' lang='lat' dir='ltr'>filii</span> <span class='ocrx_word' id='word_1_51' title='bbox 449 877 579 947; x_wconf 83' lang='lat' dir='ltr'>per</span> <span class='ocrx_word' id='word_1_52' title='bbox 602 854 941 929; x_wconf 88' lang='lat' dir='ltr'>accidens</span> <span class='ocrx_word' id='word_1_53' title='bbox 966 859 1162 955; x_wconf 83' lang='lat' dir='ltr'>gravi</span> <span class='ocrx_word' id='word_1_54' title='bbox 1196 861 1619 934; x_wconf 80' lang='lat' dir='ltr'>necessitate</span> <span class='ocrx_word' id='word_1_55' title='bbox 1646 791 2001 935; x_wconf 58' lang='lat' dir='ltr'>laborent.</span> 
     </span>
    </p>

    <p class='ocr_par' dir='ltr' id='par_1_2' title="bbox 112 942 2390 1718">
     <span class='ocr_line' id='line_1_8' title="bbox 212 942 2390 1057; baseline 0.012 -42"><span class='ocrx_word' id='word_1_56' title='bbox 212 942 498 1020; x_wconf 84' lang='lat' dir='ltr'>Fratres</span> <span class='ocrx_word' id='word_1_57' title='bbox 534 965 777 1024; x_wconf 85' lang='lat' dir='ltr'>autem</span> <span class='ocrx_word' id='word_1_58' title='bbox 807 1012 822 1036; x_wconf 91' lang='lat'><em>‚</em></span> <span class='ocrx_word' id='word_1_59' title='bbox 849 967 922 1025; x_wconf 86' lang='lat' dir='ltr'>e‘t</span> <span class='ocrx_word' id='word_1_60' title='bbox 946 955 1242 1029; x_wconf 85' lang='lat' dir='ltr'>Sorores</span> <span class='ocrx_word' id='word_1_61' title='bbox 1281 983 1431 1030; x_wconf 91' lang='lat' dir='ltr'>non</span> <span class='ocrx_word' id='word_1_62' title='bbox 1471 958 1646 1032; x_wconf 89' lang='lat' dir='ltr'>licet</span> <span class='ocrx_word' id='word_1_63' title='bbox 1670 960 2013 1057; x_wconf 31' lang='lat' dir='ltr'>‘deserere</span> <span class='ocrx_word' id='word_1_64' title='bbox 2039 962 2118 1033; x_wconf 92' lang='lat' dir='ltr'>in</span> <span class='ocrx_word' id='word_1_65' title='bbox 2145 987 2269 1034; x_wconf 83' lang='lat' dir='ltr'>ne·</span> <span class='ocrx_word' id='word_1_66' title='bbox 2319 990 2390 1042; x_wconf 72' lang='lat'>7⁹</span> 
     </span>
     <span class='ocr_line' id='line_1_9' title="bbox 126 1042 2271 1157; baseline 0.011 -46"><span class='ocrx_word' id='word_1_67' title='bbox 126 1042 442 1116; x_wconf 74' lang='lat' dir='ltr'>cessitate</span> <span class='ocrx_word' id='word_1_68' title='bbox 466 1062 781 1123; x_wconf 86' lang='lat' dir='ltr'>extrema</span> <span class='ocrx_word' id='word_1_69' title='bbox 811 1108 830 1143; x_wconf 90' lang='lat'>‚</span> <span class='ocrx_word' id='word_1_70' title='bbox 865 1052 995 1125; x_wconf 86' lang='lat' dir='ltr'>sed</span> <span class='ocrx_word' id='word_1_71' title='bbox 1034 1053 1206 1126; x_wconf 82' lang='lat' dir='ltr'>licet</span> <span class='ocrx_word' id='word_1_72' title='bbox 1238 1054 1313 1127; x_wconf 89' lang='lat' dir='ltr'>in</span> <span class='ocrx_word' id='word_1_73' title='bbox 1345 1058 1536 1154; x_wconf 86' lang='lat' dir='ltr'>gravi</span> <span class='ocrx_word' id='word_1_74' title='bbox 1573 1081 1590 1146; x_wconf 91' lang='lat'>;</span> <span class='ocrx_word' id='word_1_75' title='bbox 1629 1059 1955 1157; x_wconf 72' lang='lat' dir='ltr'>quamvis</span> <span class='ocrx_word' id='word_1_76' title='bbox 1990 1058 2271 1135; x_wconf 64' lang='lat' dir='ltr'>iatione</span> 
     </span>
     <span class='ocr_line' id='line_1_10' title="bbox 125 1136 2273 1253; baseline 0.011 -45"><span class='ocrx_word' id='word_1_77' title='bbox 125 1136 486 1216; x_wconf 75' lang='lat' dir='ltr'>charitatis</span> <span class='ocrx_word' id='word_1_78' title='bbox 567 1164 810 1244; x_wconf 85' lang='lat' dir='ltr'>posset</span> <span class='ocrx_word' id='word_1_79' title='bbox 941 1152 1054 1222; x_wconf 91' lang='lat' dir='ltr'>uis</span> <span class='ocrx_word' id='word_1_80' title='bbox 1121 1152 1453 1245; x_wconf 86' lang='lat' dir='ltr'>differre,</span> <span class='ocrx_word' id='word_1_81' title='bbox 1484 1165 1596 1226; x_wconf 78' lang='lat' dir='ltr'>et·</span> <span class='ocrx_word' id='word_1_82' title='bbox 1641 1157 1859 1228; x_wconf 72' lang='lat' dir='ltr'>etiam</span> <span class='ocrx_word' id='word_1_83' title='bbox 1935 1161 2273 1253; x_wconf 80' lang='lat' dir='ltr'>omittere</span> 
     </span>
     <span class='ocr_line' id='line_1_11' title="bbox 119 1175 2329 1352; baseline 0.012 -48"><span class='ocrx_word' id='word_1_84' title='bbox 119 1241 789 1342; x_wconf 82' lang='lat' dir='ltr'>statumReligionis</span> <span class='ocrx_word' id='word_1_85' title='bbox 824 1175 1933 1328; x_wconf 62' lang='lat' dir='ltr'>adlsubveniendumFratribus</span> <span class='ocrx_word' id='word_1_86' title='bbox 1964 1259 2271 1352; x_wconf 85' lang='lat' dir='ltr'>graviter</span> <span class='ocrx_word' id='word_1_87' title='bbox 2318 1256 2329 1264; x_wconf 72' lang='grc'><strong>’</strong></span> 
     </span>
     <span class='ocr_line' id='line_1_12' title="bbox 120 1330 2269 1450; baseline 0.013 -49"><span class='ocrx_word' id='word_1_88' title='bbox 120 1330 633 1436; x_wconf 80' lang='lat' dir='ltr'>indigentibus.</span> <span class='ocrx_word' id='word_1_89' title='bbox 665 1343 736 1415; x_wconf 91' lang='lat' dir='ltr'>Si</span> <span class='ocrx_word' id='word_1_90' title='bbox 763 1344 933 1418; x_wconf 72' lang='lat' dir='ltr'>verb</span> <span class='ocrx_word' id='word_1_91' title='bbox 959 1361 1208 1420; x_wconf 84' lang='lat' dir='ltr'>votum</span> <span class='ocrx_word' id='word_1_92' title='bbox 1237 1348 1504 1423; x_wconf 88' lang='lat' dir='ltr'>habeat</span> <span class='ocrx_word' id='word_1_93' title='bbox 1537 1351 1927 1450; x_wconf 82' lang='lat' dir='ltr'>Religionis</span> <span class='ocrx_word' id='word_1_94' title='bbox 1958 1407 1978 1440; x_wconf 86' lang='lat'>‚</span> <span class='ocrx_word' id='word_1_95' title='bbox 2022 1356 2099 1427; x_wconf 89' lang='lat' dir='ltr'>in</span> <span class='ocrx_word' id='word_1_96' title='bbox 2140 1354 2269 1428; x_wconf 89' lang='lat' dir='ltr'>tali</span> 
     </span>
     <span class='ocr_line' id='line_1_13' title="bbox 121 1443 2269 1550; baseline 0.013 -49"><span class='ocrx_word' id='word_1_97' title='bbox 121 1455 278 1503; x_wconf 84' lang='lat' dir='ltr'>casu</span> <span class='ocrx_word' id='word_1_98' title='bbox 308 1459 460 1508; x_wconf 90' lang='lat' dir='ltr'>non</span> <span class='ocrx_word' id='word_1_99' title='bbox 495 1456 735 1538; x_wconf 83' lang='lat' dir='ltr'>posset</span> <span class='ocrx_word' id='word_1_100' title='bbox 760 1443 1050 1519; x_wconf 86' lang='lat' dir='ltr'>differre</span> <span class='ocrx_word' id='word_1_101' title='bbox 1076 1446 1210 1546; x_wconf 85' lang='lat' dir='ltr'>per</span> <span class='ocrx_word' id='word_1_102' title='bbox 1239 1446 1542 1547; x_wconf 87' lang='lat' dir='ltr'>longum</span> <span class='ocrx_word' id='word_1_103' title='bbox 1573 1464 1865 1550; x_wconf 89' lang='lat' dir='ltr'>tempus</span> <span class='ocrx_word' id='word_1_104' title='bbox 1890 1507 1912 1537; x_wconf 87' lang='lat'>,</span> <span class='ocrx_word' id='word_1_105' title='bbox 1942 1453 2096 1525; x_wconf 86' lang='lat' dir='ltr'>sine</span> <span class='ocrx_word' id='word_1_106' title='bbox 2127 1456 2269 1529; x_wconf 89' lang='lat' dir='ltr'>dis-</span> 
     </span>
     <span class='ocr_line' id='line_1_14' title="bbox 112 1534 2262 1640; baseline 0.012 -42"><span class='ocrx_word' id='word_1_107' title='bbox 112 1534 556 1626; x_wconf 82' lang='lat' dir='ltr'>pensatione.</span> <span class='ocrx_word' id='word_1_108' title='bbox 581 1539 694 1611; x_wconf 75' lang='lat' dir='ltr'>&#39;Ita</span> <span class='ocrx_word' id='word_1_109' title='bbox 725 1539 939 1612; x_wconf 80' lang='lat' dir='ltr'>Salm.</span> <span class='ocrx_word' id='word_1_110' title='bbox 977 1543 1067 1619; x_wconf 83' lang='lat' dir='ltr'>ib.</span> <span class='ocrx_word' id='word_1_111' title='bbox 1101 1570 1179 1618; x_wconf 80' lang='lat' dir='ltr'>n.</span> <span class='ocrx_word' id='word_1_112' title='bbox 1213 1545 1330 1640; x_wconf 78' lang='grc'>54.</span> <span class='ocrx_word' id='word_1_113' title='bbox 1370 1573 1544 1622; x_wconf 85' lang='lat' dir='ltr'>cum</span> <span class='ocrx_word' id='word_1_114' title='bbox 1582 1548 1845 1623; x_wconf 83' lang='lat' dir='ltr'>Sanclz.</span> <span class='ocrx_word' id='word_1_115' title='bbox 1883 1551 2066 1625; x_wconf 70' lang='lat' dir='ltr'>Sum</span> <span class='ocrx_word' id='word_1_116' title='bbox 2091 1551 2262 1626; x_wconf 80' lang='lat' dir='ltr'>Pal.</span> 
     </span>
     <span class='ocr_line' id='line_1_15' title="bbox 113 1626 1691 1718; baseline 0.02 -23"><span class='ocrx_word' id='word_1_117' title='bbox 113 1626 323 1702; x_wconf 83' lang='lat' dir='ltr'>Azor.</span> <span class='ocrx_word' id='word_1_118' title='bbox 377 1633 632 1718; x_wconf 65' lang='lat' dir='ltr'>Pelliz.</span> <span class='ocrx_word' id='word_1_119' title='bbox 678 1637 949 1713; x_wconf 83' lang='lat' dir='ltr'>Bonae.</span> <span class='ocrx_word' id='word_1_120' title='bbox 1301 1653 1305 1658; x_wconf 76' lang='grc'><strong>’</strong></span> <span class='ocrx_word' id='word_1_121' title='bbox 1686 1665 1691 1670; x_wconf 86' lang='grc'><strong><em>’</em></strong></span> 
     </span>
    </p>

    <p class='ocr_par' dir='ltr' id='par_1_3' title="bbox 70 1726 2374 4187">
     <span class='ocr_line' id='line_1_16' title="bbox 191 1726 2374 1848; baseline 0.011 -50"><span class='ocrx_word' id='word_1_122' title='bbox 191 1726 570 1817; x_wconf 81' lang='lat' dir='ltr'>Quaeritur</span> <span class='ocrx_word' id='word_1_123' title='bbox 592 1734 788 1823; x_wconf 74' lang='lat' dir='ltr'>inde,</span> <span class='ocrx_word' id='word_1_124' title='bbox 816 1765 908 1809; x_wconf 88' lang='lat' dir='ltr'>an</span> <span class='ocrx_word' id='word_1_125' title='bbox 936 1738 1246 1831; x_wconf 85' lang='lat' dir='ltr'>debitor,</span> <span class='ocrx_word' id='word_1_126' title='bbox 1273 1767 1411 1816; x_wconf 85' lang='lat' dir='ltr'>aere</span> <span class='ocrx_word' id='word_1_127' title='bbox 1440 1743 1686 1817; x_wconf 87' lang='lat' dir='ltr'>alieno·</span> <span class='ocrx_word' id='word_1_128' title='bbox 1713 1760 2069 1843; x_wconf 80' lang='lat' dir='ltr'>gravatus,</span> <span class='ocrx_word' id='word_1_129' title='bbox 2099 1774 2264 1848; x_wconf 86' lang='lat' dir='ltr'>pos·-</span> <span class='ocrx_word' id='word_1_130' title='bbox 2313 1782 2374 1836; x_wconf 65' lang='grc' dir='ltr'>σι</span> 
     </span>
     <span class='ocr_line' id='line_1_17' title="bbox 110 1820 2264 1933; baseline 0.014 -41"><span class='ocrx_word' id='word_1_131' title='bbox 110 1820 195 1894; x_wconf 80' lang='lat' dir='ltr'>sit</span> <span class='ocrx_word' id='word_1_132' title='bbox 220 1825 670 1924; x_wconf 84' lang='lat' dir='ltr'>Religionem</span> <span class='ocrx_word' id='word_1_133' title='bbox 708 1831 990 1933; x_wconf 80' lang='lat' dir='ltr'>ingredi</span> <span class='ocrx_word' id='word_1_134' title='bbox 1025 1840 1055 1910; x_wconf 69' lang='grc' dir='ltr'><em>ἲ</em></span> <span class='ocrx_word' id='word_1_135' title='bbox 1088 1837 1376 1913; x_wconf 89' lang='lat' dir='ltr'>Adsunt</span> <span class='ocrx_word' id='word_1_136' title='bbox 1398 1857 1545 1915; x_wconf 84' lang='lat' dir='ltr'>tres</span> <span class='ocrx_word' id='word_1_137' title='bbox 1578 1845 1985 1918; x_wconf 80' lang='lat' dir='ltr'>sententiae.</span> <span class='ocrx_word' id='word_1_138' title='bbox 2013 1847 2264 1922; x_wconf 78' lang='lat' dir='ltr'>Prima</span> 
     </span>
     <span class='ocr_line' id='line_1_18' title="bbox 107 1928 2265 2037; baseline 0.013 -48"><span class='ocrx_word' id='word_1_139' title='bbox 107 1928 460 1999; x_wconf 82' lang='lat' dir='ltr'>sententia</span> <span class='ocrx_word' id='word_1_140' title='bbox 488 1955 657 2001; x_wconf 88' lang='lat' dir='ltr'>cum</span> <span class='ocrx_word' id='word_1_141' title='bbox 688 1930 885 2009; x_wconf 79' lang='lat' dir='ltr'>Gers.</span> <span class='ocrx_word' id='word_1_142' title='bbox 917 1937 1077 2009; x_wconf 81' lang='lat' dir='ltr'>Pal.</span> <span class='ocrx_word' id='word_1_143' title='bbox 1093 1940 1166 2007; x_wconf 94' lang='lat' dir='ltr'><em>V</em></span> <span class='ocrx_word' id='word_1_144' title='bbox 1155 1935 1257 2030; x_wconf 63' lang='lat' dir='ltr'>al.</span> <span class='ocrx_word' id='word_1_145' title='bbox 1277 1938 1473 2011; x_wconf 82' lang='lat' dir='ltr'>Suar.</span> <span class='ocrx_word' id='word_1_146' title='bbox 1507 1943 1676 2037; x_wconf 76' lang='lat' dir='ltr'>Reg.</span> <span class='ocrx_word' id='word_1_147' title='bbox 1700 1942 1883 2014; x_wconf 86' lang='lat' dir='ltr'>Mol.</span> <span class='ocrx_word' id='word_1_148' title='bbox 1910 1944 2105 2017; x_wconf 83' lang='lat' dir='ltr'>Bon.</span> <span class='ocrx_word' id='word_1_149' title='bbox 2131 1960 2265 2017; x_wconf 78' lang='lat' dir='ltr'>etc.</span> 
     </span>
     <span class='ocr_line' id='line_1_19' title="bbox 107 2019 2261 2133; baseline 0.013 -45"><span class='ocrx_word' id='word_1_150' title='bbox 107 2019 297 2116; x_wconf 86' lang='lat' dir='ltr'>apud</span> <span class='ocrx_word' id='word_1_151' title='bbox 342 2023 561 2098; x_wconf 79' lang='lat' dir='ltr'>Salm.</span> <span class='ocrx_word' id='word_1_152' title='bbox 616 2030 704 2099; x_wconf 81' lang='lat' dir='ltr'>de</span> <span class='ocrx_word' id='word_1_153' title='bbox 754 2031 949 2105; x_wconf 76' lang='lat' dir='ltr'>Rest.</span> <span class='ocrx_word' id='word_1_154' title='bbox 986 2060 1046 2105; x_wconf 88' lang='lat' dir='ltr'>c.</span> <span class='ocrx_word' id='word_1_155' title='bbox 1113 2057 1148 2107; x_wconf 71' lang='lat'>1‘</span> <span class='ocrx_word' id='word_1_156' title='bbox 1201 2061 1273 2109; x_wconf 85' lang='lat' dir='ltr'>n.</span> <span class='ocrx_word' id='word_1_157' title='bbox 1330 2038 1492 2133; x_wconf 82' lang='lat'>289.</span> <span class='ocrx_word' id='word_1_158' title='bbox 1550 2055 1625 2110; x_wconf 84' lang='lat' dir='ltr'>et</span> <span class='ocrx_word' id='word_1_159' title='bbox 1655 2039 1877 2110; x_wconf 83' lang='lat' dir='ltr'>Holz.</span> <span class='ocrx_word' id='word_1_160' title='bbox 1930 2041 2021 2111; x_wconf 83' lang='lat' dir='ltr'>de</span> <span class='ocrx_word' id='word_1_161' title='bbox 2057 2043 2261 2116; x_wconf 82' lang='lat' dir='ltr'>Rest.</span> 
     </span>
     <span class='ocr_line' id='line_1_20' title="bbox 102 2118 2267 2231; baseline 0.012 -47"><span class='ocrx_word' id='word_1_162' title='bbox 102 2137 171 2186; x_wconf 83' lang='lat' dir='ltr'>n.</span> <span class='ocrx_word' id='word_1_163' title='bbox 200 2118 365 2193; x_wconf 84' lang='lat'>518.</span> <span class='ocrx_word' id='word_1_164' title='bbox 411 2122 746 2200; x_wconf 74' lang='lat' dir='ltr'>absolute</span> <span class='ocrx_word' id='word_1_165' title='bbox 771 2145 1022 2226; x_wconf 86' lang='lat' dir='ltr'>negat,</span> <span class='ocrx_word' id='word_1_166' title='bbox 1050 2132 1220 2231; x_wconf 72' lang='lat' dir='ltr'>quia</span> <span class='ocrx_word' id='word_1_167' title='bbox 1255 2132 1395 2205; x_wconf 90' lang='lat' dir='ltr'>hoc</span> <span class='ocrx_word' id='word_1_168' title='bbox 1428 2151 1617 2208; x_wconf 88' lang='lat' dir='ltr'>esset</span> <span class='ocrx_word' id='word_1_169' title='bbox 1645 2140 1900 2222; x_wconf 79' lang='lat' dir='ltr'>contra</span> <span class='ocrx_word' id='word_1_170' title='bbox 1930 2136 2267 2212; x_wconf 83' lang='lat' dir='ltr'>naturale</span> 
     </span>
     <span class='ocr_line' id='line_1_21' title="bbox 100 2226 2264 2332; baseline 0.011 -47"><span class='ocrx_word' id='word_1_171' title='bbox 100 2234 550 2317; x_wconf 78' lang='lat' dir='ltr'>praeceptum</span> <span class='ocrx_word' id='word_1_172' title='bbox 600 2226 933 2321; x_wconf 77' lang='lat' dir='ltr'>justitiae,</span> <span class='ocrx_word' id='word_1_173' title='bbox 974 2228 1270 2302; x_wconf 87' lang='lat' dir='ltr'>lucrum</span> <span class='ocrx_word' id='word_1_174' title='bbox 1313 2232 1691 2330; x_wconf 82' lang='lat' dir='ltr'>spirituale</span> <span class='ocrx_word' id='word_1_175' title='bbox 1725 2260 2054 2332; x_wconf 78' lang='lat' dir='ltr'>quaerere·</span> <span class='ocrx_word' id='word_1_176' title='bbox 2088 2261 2264 2309; x_wconf 88' lang='lat' dir='ltr'>cum</span> 
     </span>
     <span class='ocr_line' id='line_1_22' title="bbox 102 2310 2266 2425; baseline 0.012 -45"><span class='ocrx_word' id='word_1_177' title='bbox 102 2310 367 2387; x_wconf 87' lang='lat' dir='ltr'>damno</span> <span class='ocrx_word' id='word_1_178' title='bbox 407 2320 787 2395; x_wconf 87' lang='lat' dir='ltr'>creditoris</span> <span class='ocrx_word' id='word_1_179' title='bbox 812 2381 830 2407; x_wconf 82' lang='lat'><strong>‚</strong></span> <span class='ocrx_word' id='word_1_180' title='bbox 868 2328 986 2398; x_wconf 91' lang='lat' dir='ltr'>cui</span> <span class='ocrx_word' id='word_1_181' title='bbox 1014 2326 1300 2401; x_wconf 81' lang='lat' dir='ltr'>debitor</span> <span class='ocrx_word' id='word_1_182' title='bbox 1327 2332 1706 2425; x_wconf 83' lang='lat' dir='ltr'>exjustitia</span> <span class='ocrx_word' id='word_1_183' title='bbox 1736 2332 2022 2406; x_wconf 84' lang='lat' dir='ltr'>solvere</span> <span class='ocrx_word' id='word_1_184' title='bbox 2060 2348 2266 2405; x_wconf 83' lang='lat' dir='ltr'>tene-</span> 
     </span>
     <span class='ocr_line' id='line_1_23' title="bbox 98 2415 2271 2524; baseline 0.012 -45"><span class='ocrx_word' id='word_1_185' title='bbox 98 2419 235 2482; x_wconf 76' lang='lat' dir='ltr'>tur.</span> <span class='ocrx_word' id='word_1_186' title='bbox 267 2415 596 2489; x_wconf 65' lang='lat' dir='ltr'>Secunda</span> <span class='ocrx_word' id='word_1_187' title='bbox 624 2424 976 2495; x_wconf 79' lang='lat' dir='ltr'>sententia</span> <span class='ocrx_word' id='word_1_188' title='bbox 1005 2482 1021 2513; x_wconf 90' lang='lat'>‚</span> <span class='ocrx_word' id='word_1_189' title='bbox 1116 2452 1284 2517; x_wconf 85' lang='lat' dir='ltr'>uam</span> <span class='ocrx_word' id='word_1_190' title='bbox 1321 2441 1573 2500; x_wconf 83' lang='lat' dir='ltr'>tenent</span> <span class='ocrx_word' id='word_1_191' title='bbox 1607 2428 1863 2502; x_wconf 73' lang='lat' dir='ltr'>Sanch.</span> <span class='ocrx_word' id='word_1_192' title='bbox 1910 2431 2088 2507; x_wconf 82' lang='lat' dir='ltr'>Dec.</span> <span class='ocrx_word' id='word_1_193' title='bbox 2132 2431 2179 2504; x_wconf 86' lang='lat' dir='ltr'>l.</span> <span class='ocrx_word' id='word_1_194' title='bbox 2218 2430 2271 2524; x_wconf 75' lang='grc'>4</span> 
     </span>
     <span class='ocr_line' id='line_1_24' title="bbox 96 2452 2266 2626; baseline 0.011 -48"><span class='ocrx_word' id='word_1_195' title='bbox 96 2531 153 2579; x_wconf 87' lang='lat' dir='ltr'>c.</span> <span class='ocrx_word' id='word_1_196' title='bbox 195 2535 280 2608; x_wconf 86' lang='lat'>¹9</span> <span class='ocrx_word' id='word_1_197' title='bbox 314 2529 394 2585; x_wconf 70' lang='lat' dir='ltr'>n.</span> <span class='ocrx_word' id='word_1_198' title='bbox 426 2517 496 2586; x_wconf 84' lang='lat'>8.</span> <span class='ocrx_word' id='word_1_199' title='bbox 529 2541 699 2589; x_wconf 88' lang='lat' dir='ltr'>cum</span> <span class='ocrx_word' id='word_1_200' title='bbox 732 2520 1009 2618; x_wconf 84' lang='lat' dir='ltr'>Major,</span> <span class='ocrx_word' id='word_1_201' title='bbox 1037 2452 1227 2595; x_wconf 37' lang='lat' dir='ltr'>§aa</span> <span class='ocrx_word' id='word_1_202' title='bbox 1267 2524 1407 2596; x_wconf 83' lang='lat' dir='ltr'>Az.</span> <span class='ocrx_word' id='word_1_203' title='bbox 1448 2541 1520 2597; x_wconf 83' lang='lat' dir='ltr'>et</span> <span class='ocrx_word' id='word_1_204' title='bbox 1542 2525 1762 2601; x_wconf 79' lang='lat' dir='ltr'>Salm.</span> <span class='ocrx_word' id='word_1_205' title='bbox 1794 2526 1845 2598; x_wconf 87' lang='lat' dir='ltr'>l.</span> <span class='ocrx_word' id='word_1_206' title='bbox 1872 2551 1936 2602; x_wconf 81' lang='lat' dir='ltr'>c,</span> <span class='ocrx_word' id='word_1_207' title='bbox 1979 2554 2067 2622; x_wconf 54' lang='lat' dir='ltr'>n.</span> <span class='ocrx_word' id='word_1_208' title='bbox 2096 2552 2266 2626; x_wconf 83' lang='lat'>290.</span> 
     </span>
     <span class='ocr_line' id='line_1_25' title="bbox 100 2602 2271 2718; baseline 0.011 -43"><span class='ocrx_word' id='word_1_209' title='bbox 100 2602 490 2710; x_wconf 81' lang='lat' dir='ltr'>distinguit</span> <span class='ocrx_word' id='word_1_210' title='bbox 516 2668 538 2698; x_wconf 85' lang='lat'>‚</span> <span class='ocrx_word' id='word_1_211' title='bbox 577 2629 650 2687; x_wconf 86' lang='lat' dir='ltr'>et</span> <span class='ocrx_word' id='word_1_212' title='bbox 684 2616 864 2690; x_wconf 89' lang='lat' dir='ltr'>dicit</span> <span class='ocrx_word' id='word_1_213' title='bbox 892 2675 910 2704; x_wconf 86' lang='lat'><strong>‚</strong></span> <span class='ocrx_word' id='word_1_214' title='bbox 948 2620 1152 2718; x_wconf 70' lang='lat' dir='ltr'>quod</span> <span class='ocrx_word' id='word_1_215' title='bbox 1179 2679 1197 2712; x_wconf 84' lang='lat'>,</span> <span class='ocrx_word' id='word_1_216' title='bbox 1232 2624 1290 2696; x_wconf 89' lang='lat' dir='ltr'>si</span> <span class='ocrx_word' id='word_1_217' title='bbox 1320 2621 1609 2696; x_wconf 90' lang='lat' dir='ltr'>debitor</span> <span class='ocrx_word' id='word_1_218' title='bbox 1634 2682 1652 2714; x_wconf 90' lang='lat'>,</span> <span class='ocrx_word' id='word_1_219' title='bbox 1685 2624 1763 2705; x_wconf 86' lang='lat' dir='ltr'>in</span> <span class='ocrx_word' id='word_1_220' title='bbox 1789 2624 2062 2705; x_wconf 74' lang='lat' dir='ltr'>saeculo‘</span> <span class='ocrx_word' id='word_1_221' title='bbox 2102 2653 2271 2697; x_wconf 85' lang='lat' dir='ltr'>ma·-</span> 
     </span>
     <span class='ocr_line' id='line_1_26' title="bbox 93 2710 2270 2816; baseline 0.011 -44"><span class='ocrx_word' id='word_1_222' title='bbox 93 2726 303 2796; x_wconf 82' lang='lat' dir='ltr'>nens,</span> <span class='ocrx_word' id='word_1_223' title='bbox 329 2710 547 2783; x_wconf 85' lang='lat' dir='ltr'>brevi</span> <span class='ocrx_word' id='word_1_224' title='bbox 581 2726 905 2815; x_wconf 86' lang='lat' dir='ltr'>tempore</span> <span class='ocrx_word' id='word_1_225' title='bbox 933 2715 1446 2816; x_wconf 74' lang='lat' dir='ltr'>prdbabiliter,</span> <span class='ocrx_word' id='word_1_226' title='bbox 1468 2738 1540 2794; x_wconf 86' lang='lat' dir='ltr'>et</span> <span class='ocrx_word' id='word_1_227' title='bbox 1578 2725 1735 2795; x_wconf 90' lang='lat' dir='ltr'>sine</span> <span class='ocrx_word' id='word_1_228' title='bbox 1770 2750 1885 2793; x_wconf 85' lang='lat' dir='ltr'>ma</span> <span class='ocrx_word' id='word_1_229' title='bbox 1935 2750 2028 2795; x_wconf 87' lang='lat' dir='ltr'>na</span> <span class='ocrx_word' id='word_1_230' title='bbox 2064 2723 2270 2795; x_wconf 85' lang='lat' dir='ltr'>diffi-</span> 
     </span>
     <span class='ocr_line' id='line_1_27' title="bbox 93 2803 2271 2918; baseline 0.009 -47"><span class='ocrx_word' id='word_1_231' title='bbox 93 2803 358 2877; x_wconf 87' lang='lat' dir='ltr'>cultate</span> <span class='ocrx_word' id='word_1_232' title='bbox 389 2813 774 2909; x_wconf 86' lang='lat' dir='ltr'>acquirere</span> <span class='ocrx_word' id='word_1_233' title='bbox 805 2818 930 2887; x_wconf 70' lang='lat' dir='ltr'>sua</span> <span class='ocrx_word' id='word_1_234' title='bbox 965 2817 1320 2892; x_wconf 70' lang='lat' dir='ltr'>industria</span> <span class='ocrx_word' id='word_1_235' title='bbox 1350 2820 1611 2918; x_wconf 80' lang='lat' dir='ltr'>possit,</span> <span class='ocrx_word' id='word_1_236' title='bbox 1648 2817 1850 2918; x_wconf 87' lang='lat' dir='ltr'>quod</span> <span class='ocrx_word' id='word_1_237' title='bbox 1930 2821 2117 2908; x_wconf 85' lang='lat' dir='ltr'>ebet,</span> <span class='ocrx_word' id='word_1_238' title='bbox 2146 2818 2271 2892; x_wconf 82' lang='lat' dir='ltr'>vel</span> 
     </span>
     <span class='ocr_line' id='line_1_28' title="bbox 90 2903 2273 3010; baseline 0.009 -41"><span class='ocrx_word' id='word_1_239' title='bbox 90 2903 498 2978; x_wconf 83' lang='lat' dir='ltr'>notabilem</span> <span class='ocrx_word' id='word_1_240' title='bbox 543 2907 767 2984; x_wconf 84' lang='lat' dir='ltr'>debiti</span> <span class='ocrx_word' id='word_1_241' title='bbox 819 2927 1099 3010; x_wconf 82' lang='lat' dir='ltr'>partem</span> <span class='ocrx_word' id='word_1_242' title='bbox 1123 2974 1141 3005; x_wconf 86' lang='lat'>,</span> <span class='ocrx_word' id='word_1_243' title='bbox 1175 2932 1259 2989; x_wconf 87' lang='lat' dir='ltr'>ut</span> <span class='ocrx_word' id='word_1_244' title='bbox 1296 2917 1569 3006; x_wconf 83' lang='lat' dir='ltr'>solvat;</span> <span class='ocrx_word' id='word_1_245' title='bbox 1603 2932 1784 2988; x_wconf 87' lang='lat' dir='ltr'>tunc</span> <span class='ocrx_word' id='word_1_246' title='bbox 1821 2927 2110 2988; x_wconf 83' lang='lat' dir='ltr'>tenetur</span> <span class='ocrx_word' id='word_1_247' title='bbox 2136 2941 2273 2988; x_wconf 82' lang='lat' dir='ltr'>ex-</span> 
     </span>
     <span class='ocr_line' id='line_1_29' title="bbox 89 3005 2270 3114; baseline 0.008 -47"><span class='ocrx_word' id='word_1_248' title='bbox 89 3013 412 3095; x_wconf 86' lang='lat' dir='ltr'>pectare.</span> <span class='ocrx_word' id='word_1_249' title='bbox 461 3005 725 3095; x_wconf 70' lang='lat' dir='ltr'>Sechs,</span> <span class='ocrx_word' id='word_1_250' title='bbox 761 3011 822 3080; x_wconf 90' lang='lat' dir='ltr'>si</span> <span class='ocrx_word' id='word_1_251' title='bbox 874 3011 999 3084; x_wconf 78' lang='lat' dir='ltr'>diii</span> <span class='ocrx_word' id='word_1_252' title='bbox 1040 3029 1419 3114; x_wconf 87' lang='lat' dir='ltr'>expectare</span> <span class='ocrx_word' id='word_1_253' title='bbox 1456 3012 1800 3102; x_wconf 84' lang='lat' dir='ltr'>deberet,</span> <span class='ocrx_word' id='word_1_254' title='bbox 1842 3012 1959 3085; x_wconf 84' lang='lat' dir='ltr'>vel</span> <span class='ocrx_word' id='word_1_255' title='bbox 2007 3016 2072 3085; x_wconf 43' lang='lat' dir='ltr'>*si</span> <span class='ocrx_word' id='word_1_256' title='bbox 2106 3015 2270 3112; x_wconf 79' lang='lat' dir='ltr'>sine</span> 
     </span>
     <span class='ocr_line' id='line_1_30' title="bbox 89 3098 2270 3209; baseline 0.007 -44"><span class='ocrx_word' id='word_1_257' title='bbox 89 3098 404 3172; x_wconf 86' lang='lat' dir='ltr'>notabili</span> <span class='ocrx_word' id='word_1_258' title='bbox 440 3102 876 3181; x_wconf 76' lang='lat' dir='ltr'>difficultate</span> <span class='ocrx_word' id='word_1_259' title='bbox 915 3111 1325 3185; x_wconf 86' lang='lat' dir='ltr'>satisfacere</span> <span class='ocrx_word' id='word_1_260' title='bbox 1358 3137 1510 3183; x_wconf 91' lang='lat' dir='ltr'>non</span> <span class='ocrx_word' id='word_1_261' title='bbox 1553 3124 1821 3209; x_wconf 89' lang='lat' dir='ltr'>posset.</span> <span class='ocrx_word' id='word_1_262' title='bbox 1862 3109 2098 3202; x_wconf 72' lang='lat' dir='ltr'>Quale</span> <span class='ocrx_word' id='word_1_263' title='bbox 2136 3136 2270 3180; x_wconf 87' lang='lat' dir='ltr'>au·</span> 
     </span>
     <span class='ocr_line' id='line_1_31' title="bbox 86 3203 2270 3325; baseline 0.006 -61"><span class='ocrx_word' id='word_1_264' title='bbox 86 3203 226 3267; x_wconf 78' lang='lat' dir='ltr'>tem</span> <span class='ocrx_word' id='word_1_265' title='bbox 270 3212 577 3299; x_wconf 84' lang='lat' dir='ltr'>tempus</span> <span class='ocrx_word' id='word_1_266' title='bbox 616 3207 1064 3282; x_wconf 88' lang='lat' dir='ltr'>censendum</span> <span class='ocrx_word' id='word_1_267' title='bbox 1105 3213 1200 3282; x_wconf 86' lang='lat' dir='ltr'>sit</span> <span class='ocrx_word' id='word_1_268' title='bbox 1236 3209 1455 3283; x_wconf 87' lang='lat' dir='ltr'>breve</span> <span class='ocrx_word' id='word_1_269' title='bbox 1488 3206 1742 3299; x_wconf 78' lang='lat' dir='ltr'>?Maj.</span> <span class='ocrx_word' id='word_1_270' title='bbox 1790 3206 2270 3325; x_wconf 41' lang='lat' dir='ltr'>putat-trien:</span> 
     </span>
     <span class='ocr_line' id='line_1_32' title="bbox 80 3293 2270 3380; baseline 0.005 -19"><span class='ocrx_word' id='word_1_271' title='bbox 80 3293 287 3366; x_wconf 85' lang='lat' dir='ltr'>nium</span> <span class='ocrx_word' id='word_1_272' title='bbox 322 3323 342 3365; x_wconf 75' lang='grc' dir='ltr'><strong>ε</strong></span> <span class='ocrx_word' id='word_1_273' title='bbox 370 3293 645 3372; x_wconf 72' lang='lat' dir='ltr'>Sanch.</span> <span class='ocrx_word' id='word_1_274' title='bbox 682 3309 921 3376; x_wconf 77' lang='lat' dir='ltr'>autem</span> <span class='ocrx_word' id='word_1_275' title='bbox 951 3333 1128 3380; x_wconf 86' lang='lat' dir='ltr'>cum</span> <span class='ocrx_word' id='word_1_276' title='bbox 1151 3309 1338 3379; x_wconf 66' lang='lat' dir='ltr'>Nau.</span> <span class='ocrx_word' id='word_1_277' title='bbox 1368 3305 1793 3377; x_wconf 89' lang='lat' dir='ltr'>biennium.</span> <span class='ocrx_word' id='word_1_278' title='bbox 1834 3304 2066 3372; x_wconf 83' lang='lat' dir='ltr'>Tertta</span> <span class='ocrx_word' id='word_1_279' title='bbox 2090 3328 2270 3373; x_wconf 82' lang='lat' dir='ltr'>vero</span> 
     </span>
     <span class='ocr_line' id='line_1_33' title="bbox 77 3395 2272 3506; baseline 0.004 -46"><span class='ocrx_word' id='word_1_280' title='bbox 77 3397 447 3466; x_wconf 84' lang='lat' dir='ltr'>sententia</span> <span class='ocrx_word' id='word_1_281' title='bbox 491 3395 828 3472; x_wconf 66' lang='lat' dir='ltr'>absolute·</span> <span class='ocrx_word' id='word_1_282' title='bbox 852 3399 1106 3491; x_wconf 52' lang='lat' dir='ltr'>docet,</span> <span class='ocrx_word' id='word_1_283' title='bbox 1144 3401 1557 3476; x_wconf 77' lang='lat' dir='ltr'>&#39;debitorem</span> <span class='ocrx_word' id='word_1_284' title='bbox 1589 3402 1838 3473; x_wconf 88' lang='lat' dir='ltr'>statim</span> <span class='ocrx_word' id='word_1_285' title='bbox 1874 3423 2081 3494; x_wconf 83' lang='lat' dir='ltr'>posse</span> <span class='ocrx_word' id='word_1_286' title='bbox 2116 3399 2272 3506; x_wconf 47' lang='lat' dir='ltr'>Re?</span> 
     </span>
     <span class='ocr_line' id='line_1_34' title="bbox 76 3483 2267 3592; baseline 0.005 -37"><span class='ocrx_word' id='word_1_287' title='bbox 76 3483 441 3583; x_wconf 79' lang='lat' dir='ltr'>ligioncrn</span> <span class='ocrx_word' id='word_1_288' title='bbox 490 3494 778 3592; x_wconf 85' lang='lat' dir='ltr'>ingredi</span> <span class='ocrx_word' id='word_1_289' title='bbox 816 3498 1008 3573; x_wconf 89' lang='lat' dir='ltr'>bona</span> <span class='ocrx_word' id='word_1_290' title='bbox 1059 3497 1188 3576; x_wconf 76' lang='lat' dir='ltr'>sua</span> <span class='ocrx_word' id='word_1_291' title='bbox 1239 3498 1593 3574; x_wconf 87' lang='lat' dir='ltr'>creditori</span> <span class='ocrx_word' id='word_1_292' title='bbox 1633 3493 1994 3569; x_wconf 75' lang='lat' dir='ltr'>cedendo.</span> <span class='ocrx_word' id='word_1_293' title='bbox 2050 3495 2267 3570; x_wconf 85' lang='lat' dir='ltr'>Hanc</span> 
     </span>
     <span class='ocr_line' id='line_1_35' title="bbox 72 3588 2303 3700; baseline 0.005 -43"><span class='ocrx_word' id='word_1_294' title='bbox 72 3596 331 3663; x_wconf 72' lang='lat' dir='ltr'>tenent</span> <span class='ocrx_word' id='word_1_295' title='bbox 354 3588 433 3663; x_wconf 89' lang='lat' dir='ltr'>S.</span> <span class='ocrx_word' id='word_1_296' title='bbox 481 3590 621 3665; x_wconf 76' lang='lat' dir='ltr'>Th.</span> <span class='ocrx_word' id='word_1_297' title='bbox 652 3617 718 3666; x_wconf 82' lang='lat'>2.</span> <span class='ocrx_word' id='word_1_298' title='bbox 750 3622 791 3668; x_wconf 86' lang='lat'>2</span> <span class='ocrx_word' id='word_1_299' title='bbox 823 3617 905 3696; x_wconf 66' lang='lat' dir='ltr'>q.⁴</span> <span class='ocrx_word' id='word_1_300' title='bbox 935 3601 1068 3697; x_wconf 83' lang='lat'>189</span> <span class='ocrx_word' id='word_1_301' title='bbox 1096 3626 1167 3673; x_wconf 85' lang='lat' dir='ltr'>a.</span> <span class='ocrx_word' id='word_1_302' title='bbox 1210 3600 1263 3672; x_wconf 88' lang='grc'>6</span> <span class='ocrx_word' id='word_1_303' title='bbox 1296 3598 1400 3669; x_wconf 82' lang='lat' dir='ltr'>ad</span> <span class='ocrx_word' id='word_1_304' title='bbox 1429 3597 1501 3670; x_wconf 83' lang='lat'>3.</span> <span class='ocrx_word' id='word_1_305' title='bbox 1539 3608 1615 3667; x_wconf 83' lang='lat' dir='ltr'>et</span> <span class='ocrx_word' id='word_1_306' title='bbox 1645 3619 1820 3667; x_wconf 83' lang='lat' dir='ltr'>eum</span> <span class='ocrx_word' id='word_1_307' title='bbox 1852 3606 2303 3700; x_wconf 65' lang='lat' dir='ltr'>sequuntur³</span> 
     </span>
     <span class='ocr_line' id='line_1_36' title="bbox 70 3680 2303 3790; baseline 0.005 -38"><span class='ocrx_word' id='word_1_308' title='bbox 70 3680 144 3753; x_wconf 87' lang='lat' dir='ltr'>S.</span> <span class='ocrx_word' id='word_1_309' title='bbox 158 3686 422 3760; x_wconf 80' lang='lat' dir='ltr'>Anton</span> <span class='ocrx_word' id='word_1_310' title='bbox 443 3688 804 3790; x_wconf 72' lang='lat' dir='ltr'>Sylv.-Caj.</span> <span class='ocrx_word' id='word_1_311' title='bbox 826 3694 1080 3769; x_wconf 79' lang='lat' dir='ltr'>Palud.</span> <span class='ocrx_word' id='word_1_312' title='bbox 1101 3693 1394 3768; x_wconf 83' lang='lat' dir='ltr'>Tabien.</span> <span class='ocrx_word' id='word_1_313' title='bbox 1414 3697 1607 3788; x_wconf 72' lang='lat' dir='ltr'>Aug.</span> <span class='ocrx_word' id='word_1_314' title='bbox 1632 3689 1904 3762; x_wconf 81' lang='lat' dir='ltr'>Armill.</span> <span class='ocrx_word' id='word_1_315' title='bbox 1919 3689 2272 3790; x_wconf 26' lang='lat' dir='ltr'>hug-etc.</span> <span class='ocrx_word' id='word_1_316' title='bbox 2298 3730 2303 3736; x_wconf 92' lang='lat'>·</span> 
     </span>
     <span class='ocr_line' id='line_1_37' title="bbox 72 3783 2270 3892; baseline 0.003 -39"><span class='ocrx_word' id='word_1_317' title='bbox 72 3784 273 3881; x_wconf 85' lang='lat' dir='ltr'>apud</span> <span class='ocrx_word' id='word_1_318' title='bbox 297 3785 589 3858; x_wconf 82' lang='lat' dir='ltr'>Sanch&#39;.</span> <span class='ocrx_word' id='word_1_319' title='bbox 612 3788 661 3860; x_wconf 90' lang='lat' dir='ltr'>l.</span> <span class='ocrx_word' id='word_1_320' title='bbox 691 3814 753 3864; x_wconf 80' lang='lat' dir='ltr'>c.</span> <span class='ocrx_word' id='word_1_321' title='bbox 776 3795 854 3865; x_wconf 72' lang='lat' dir='ltr'>n.</span> <span class='ocrx_word' id='word_1_322' title='bbox 873 3791 1048 3891; x_wconf 75' lang='lat' dir='ltr'>7.‘ac</span> <span class='ocrx_word' id='word_1_323' title='bbox 1077 3789 1547 3892; x_wconf 84' lang='lat' dir='ltr'>probabilem</span> <span class='ocrx_word' id='word_1_324' title='bbox 1573 3799 1787 3892; x_wconf 74' lang='lat' dir='ltr'>putat</span> <span class='ocrx_word' id='word_1_325' title='bbox 1816 3783 2063 3875; x_wconf 79' lang='lat' dir='ltr'>Sa.Et</span> <span class='ocrx_word' id='word_1_326' title='bbox 2081 3783 2227 3884; x_wconf 76' lang='lat' dir='ltr'>hoc</span> <span class='ocrx_word' id='word_1_327' title='bbox 2247 3840 2270 3876; x_wconf 82' lang='lat'>,</span> 
     </span>
     <span class='ocr_line' id='line_1_38' title="bbox 71 3883 2277 3988; baseline 0.006 -37"><span class='ocrx_word' id='word_1_328' title='bbox 71 3884 366 3976; x_wconf 67' lang='lat' dir='ltr'>etiamsi</span> <span class='ocrx_word' id='word_1_329' title='bbox 398 3883 678 3960; x_wconf 86' lang='lat' dir='ltr'>solutio</span> <span class='ocrx_word' id='word_1_330' title='bbox 708 3892 1060 3988; x_wconf 86' lang='lat' dir='ltr'>promissa</span> <span class='ocrx_word' id='word_1_331' title='bbox 1085 3890 1306 3963; x_wconf 86' lang='lat' dir='ltr'>fuerit</span> <span class='ocrx_word' id='word_1_332' title='bbox 1328 3913 1510 3963; x_wconf 90' lang='lat' dir='ltr'>cum</span> <span class='ocrx_word' id='word_1_333' title='bbox 1535 3890 1991 3982; x_wconf 64' lang='lat' dir='ltr'>juramento,</span> <span class='ocrx_word' id='word_1_334' title='bbox 2023 3894 2104 3951; x_wconf 67' lang='lat' dir='ltr'>ut</span> <span class='ocrx_word' id='word_1_335' title='bbox 2136 3905 2277 3951; x_wconf 87' lang='lat' dir='ltr'>no·-</span> 
     </span>
     <span class='ocr_line' id='line_1_39' title="bbox 71 3975 2277 4094; baseline 0.009 -46"><span class='ocrx_word' id='word_1_336' title='bbox 71 3988 232 4053; x_wconf 83' lang='lat' dir='ltr'>tant</span> <span class='ocrx_word' id='word_1_337' title='bbox 260 3980 354 4057; x_wconf 76' lang='lat' dir='ltr'>ib.</span> <span class='ocrx_word' id='word_1_338' title='bbox 383 3979 466 4054; x_wconf 86' lang='lat' dir='ltr'>S.</span> <span class='ocrx_word' id='word_1_339' title='bbox 523 3982 791 4058; x_wconf 84' lang='lat' dir='ltr'>Anton.</span> <span class='ocrx_word' id='word_1_340' title='bbox 837 3985 1024 4087; x_wconf 71' lang='lat' dir='ltr'><em>Sylv.</em></span> <span class='ocrx_word' id='word_1_341' title='bbox 1062 3989 1130 4060; x_wconf 89' lang='lat' dir='ltr'><em>T</em></span> <span class='ocrx_word' id='word_1_342' title='bbox 1123 3986 1233 4060; x_wconf 81' lang='lat' dir='ltr'>ab.</span> <span class='ocrx_word' id='word_1_343' title='bbox 1278 4003 1354 4057; x_wconf 82' lang='lat' dir='ltr'>et</span> <span class='ocrx_word' id='word_1_344' title='bbox 1381 3985 1512 4057; x_wconf 82' lang='lat' dir='ltr'>Sa.</span> <span class='ocrx_word' id='word_1_345' title='bbox 1555 3981 1769 4093; x_wconf 66' lang='lat' dir='ltr'>Ratio</span> <span class='ocrx_word' id='word_1_346' title='bbox 1792 3976 1869 4094; x_wconf 56' lang='lat' dir='ltr'>S:</span> <span class='ocrx_word' id='word_1_347' title='bbox 1927 3975 2277 4091; x_wconf 46' lang='lat' dir='ltr'>Thghaee</span> 
     </span>
     <span class='ocr_line' id='line_1_40' title="bbox 70 4072 2279 4187; baseline 0.006 -38"><span class='ocrx_word' id='word_1_348' title='bbox 70 4087 182 4150; x_wconf 81' lang='lat' dir='ltr'>e&#39;st</span> <span class='ocrx_word' id='word_1_349' title='bbox 201 4080 951 4180; x_wconf 65' lang='lat' dir='ltr'>:Proptetpecunt&#39;amz</span> <span class='ocrx_word' id='word_1_350' title='bbox 960 4141 977 4162; x_wconf 86' lang='lat'>.</span> <span class='ocrx_word' id='word_1_351' title='bbox 986 4143 1003 4159; x_wconf 91' lang='lat'>.</span> <span class='ocrx_word' id='word_1_352' title='bbox 1010 4093 1328 4187; x_wconf 66' lang='lat' dir='ltr'>persona</span> <span class='ocrx_word' id='word_1_353' title='bbox 1337 4076 1546 4158; x_wconf 78' lang='lat' dir='ltr'>liberi</span> <span class='ocrx_word' id='word_1_354' title='bbox 1557 4076 1874 4151; x_wconf 76' lang='lat' dir='ltr'>ho‘mmts</span> <span class='ocrx_word' id='word_1_355' title='bbox 1889 4072 2279 4150; x_wconf 55' lang='lat' dir='ltr'>secundfim</span> 
     </span>
    </p>
   </div>
   <div class='ocr_carea' id='block_1_2' title="bbox 2800 0 2884 2792">
    <p class='ocr_par' dir='ltr' id='par_1_4' title="bbox 2800 0 2884 2792">
     <span class='ocr_line' id='line_1_41' title="bbox 2800 0 2884 2792; baseline 0 0"><span class='ocrx_word' id='word_1_356' title='bbox 2800 0 2884 2792; x_wconf 95' lang='lat' dir='ltr'> </span> 
     </span>
    </p>
   </div>
  </div>
 </body>
</html>
