2950 4709
444 237 530 317 54
703 241 850 313 Lib.
869 239 986 313 m.
1010 241 1229 313 ruet.
1247 244 1337 317 v.
1355 243 1458 315 ne
1478 242 1764 338 Septimo
1781 232 2104 339 Proece‘pto
2120 240 2343 314 neon.

441 383 485 430 n
539 365 965 462 ponuntur,
1012 354 1212 432 unde
1260 357 1707 458 pauperibus
1760 358 1977 457 gratis
2023 338 2468 444 mutuetur(
2502 352 2612 429 ita

440 486 480 522 a
546 469 790 529 tamen
819 511 837 547 ,
887 469 972 529 ut
1030 481 1296 572 parum
1355 456 1766 530 retribuant
1821 481 1953 556 pro
2012 458 2350 555 expensis
2376 510 2396 542 ‚
2434 475 2614 554 quae

441 579 481 618 ι
546 554 731 626 fiunt
763 555 839 625 in
869 557 1243 634 ministros
1266 608 1288 643 ‚
1313 569 1387 628 et
1414 555 2043 629 conservationem
2075 555 2336 628 talium
2384 579 2611 626 mon-

442 677 487 721 »
545 652 729 724 tium
768 652 862 725 V.
901 652 1052 729 Tol.
1086 652 1133 725 l.
1175 653 1217 728 5
1254 675 1319 727 e.
1365 654 1478 727 18.
1513 654 1716 744 Less.
1756 656 1801 725 l.
1832 679 1877 727 2
1907 679 1972 729 c.
2005 680 2101 728 20
2134 654 2410 727 Bonae.
2449 653 2497 723 l.
2530 676 2602 723 c.

449 763 491 816 ἡ
595 804 612 822 .
664 750 775 824 13.
825 765 866 819 >5

532 775 807 944 {lagon
845 849 1082 946 agitur
1214 850 1412 924 aestio
1445 906 1465 936 ‚
1498 876 1591 923 an
1620 849 1904 923 ratione
1932 848 2245 951 periculi
2272 847 2613 921 amitten·-

447 942 563 1016 dae
594 948 802 1019 sortis
838 948 1053 1020 liceat
1090 975 1130 1020 a
1163 949 1376 1049 iquid
1408 954 1629 1047 supra
1674 961 1941 1021 sortem
1978 951 2262 1046 exigere
2292 948 2322 1019 ἓ
2352 945 2612 1019 Prima

445 1046 804 1117 sententia
833 1060 1048 1145 negat
1069 1100 1090 1133 ,
1130 1073 1438 1150 eamque
1472 1060 1725 1123 tenent
1754 1047 1945 1120 Ναν.
1980 1073 2040 1121 c.
2076 1047 2167 1121 23
2195 1071 2269 1119 n.
2298 1050 2419 1120 δι.
2450 1043 2609 1117 Sot.

444 1142 501 1217 l.
532 1140 583 1215 6
606 1167 672 1239 q.
702 1147 748 1236 4
775 1170 848 1214 α.
888 1172 913 1217 1
956 1146 1062 1216 ad
1089 1171 1112 1218 ι
1132 1201 1151 1219 .
1185 1146 1325 1219 Tol
1344 1141 1433 1217 dc
1459 1172 1503 1245 7
1525 1147 1753 1219 Proec.
1781 1171 1843 1218 c.
1884 1171 1910 1219 1
1933 1171 1959 1218 ι
1994 1145 2169 1216 Nat.
2185 1143 2280 1215 ab
2301 1141 2521 1215 Alex.
2551 1143 2610 1218 l.

448 1238 495 1312 3
527 1265 601 1314 a.
647 1240 720 1314 5.
759 1242 933 1341 fleg.
971 1243 1041 1316 3.
1091 1243 1364 1318 Genett.
1403 1261 1492 1319 tr.
1527 1246 1574 1337 4
1603 1268 1665 1318 c.
1772 1271 1841 1343 q.
1883 1244 1954 1318 3.
1994 1243 2332 1315 Rationes
2382 1239 2616 1340 hujus

447 1336 825 1414 sententiae
857 1339 1044 1414 infra
1073 1367 1520 1441 exponemus
1543 1344 1622 1415 in
1653 1367 1696 1413 o
1753 1340 2188 1441 jectionibus
2222 1341 2316 1413 ad
2346 1365 2619 1412 socun-

446 1433 620 1511 dam
644 1440 1080 1511 sententiam
1109 1497 1127 1528 ‚
1163 1466 1388 1543 quam
1415 1440 1819 1541 sequimur.
1847 1439 2169 1511 Secunda
2192 1438 2417 1537 igitur
2439 1462 2616 1509 sen-

448 1533 677 1607 tentia
716 1534 1174 1635 probabilior
1197 1591 1220 1627 ‚
1275 1553 1350 1612 et
1395 1541 1566 1612 satis
1601 1538 2015 1611 communis
2043 1594 2063 1627 ‚
2102 1563 2325 1638 quam
2355 1548 2619 1609 tenent

312 1713 323 1720 ,
452 1656 627 1705 cum
650 1634 825 1706 Bus.
863 1650 941 1710 ut
967 1637 1210 1734 suprd,
1241 1636 1454 1710 Les-5.
1489 1639 1537 1710 l.
1568 1663 1613 1709 2
1648 1661 1709 1709 c.
1750 1656 1838 1707 πο
1864 1662 1934 1708 n.
1984 1662 2007 1707 1
2030 1662 2053 1708 1
2078 1662 2136 1709 r.
2168 1633 2438 1733 Sylvius
2464 1632 2539 1704 in
2565 1658 2613 1704 2

452 1752 499 1807 3
534 1754 607 1829 q.
644 1756 736 1829 77
770 1758 871 1803 ar.
917 1758 942 1806 ι
987 1750 1224 1835 quast.
1262 1738 1308 1828 4
1340 1733 1685 1833 Sylvester
1714 1758 1775 1808 ν.
1823 1734 2054 1805 Usum
2084 1788 2104 1818 ‚
2153 1732 2623 1804 Continuator

442 1827 808 1928 'Toumelr
847 1846 900 1902 t.
939 1856 962 1904 ι
999 1860 1078 1928 p.
1126 1833 1296 1929 499.
1341 1832 1681 1928 W'gnndt
1709 1846 1907 1904 tract.
1934 1854 1985 1927 9
2016 1832 2165 1902 Ex.
2203 1830 2500 1924 8·Resp.
2536 1852 2618 1927 9⁴

447 1925 529 2000 F
521 1952 781 2025 agnen.
813 1926 887 2000 in
923 1950 991 1999 ο.
1024 1928 1111 1999 N
1104 1930 1417 2027 art'ganti
1431 1934 1477 2003 l.
1516 1930 1559 2003 5
1592 1929 1695 2003 tt't.
1728 1930 1816 2002 de
1852 1930 2053 2000 Usar.
2087 1928 2620 1999 Petrocorensis

448 2039 503 2099 t.
540 2049 581 2096 2
601 2049 676 2121 p.
710 2026 876 2123 337.
916 2026 1288 2100 Cabassut.
1330 2026 1467 2097 Th.
1497 2028 1565 2099 J
1565 2082 1582 2102 .
1618 2026 1664 2100 l.
1701 2028 1753 2101 6
1776 2052 1836 2098 c.
1867 2029 1918 2099 8
1946 2052 2024 2098 η.
2070 2051 2111 2098 2
2140 2025 2340 2123 Lago
2370 2025 2470 2094 D.
2519 2021 2616 2096 25

446 2145 526 2197 π.
561 2145 651 2220 77
699 2140 773 2194 et
800 2147 915 2223 79.
944 2123 1162 2198 Salm.
1193 2149 1255 2197 c.
1293 2127 1337 2201 3
1381 2150 1536 2199 cum
1573 2124 1755 2197 Mol.
1795 2124 1951 2198 Vol.
2005 2120 2351 2196 Salmant.
2400 2121 2619 2194 Trull.

450 2234 527 2294 et
557 2220 715 2292 aliis
743 2223 1150 2297 innumeris
1175 2276 1195 2307 .
1233 2221 1599 2297 affirmant
1633 2221 1834 2297 licite
1867 2242 2087 2323 posse
2128 2219 2410 2320 aliquid
2453 2245 2624 2290 mo·

451 2316 786 2394 deratum
825 2323 1057 2421 accipi
1091 2336 1395 2421 propter
1424 2319 1842 2421 periculum
1882 2321 2096 2395 sortis
2132 2347 2151 2388 ε
2190 2315 2628 2393 Dummodo

442 2440 525 2494 ·1.
558 2416 976 2515 periculum
1008 2421 1102 2494 sit
1132 2444 1390 2492 verum
1430 2433 1505 2493 et
1545 2418 2199 2492 extraordinarium
2229 2474 2247 2506 ‚
2293 2442 2446 2490 non
2484 2444 2627 2487 au·-

446 2526 603 2589 tem
634 2540 1028 2591 commune
1053 2572 1073 2603 ,
1102 2517 1484 2591 amittendi
1518 2530 1823 2603 sortem,
1866 2514 1979 2589 vel
2019 2541 2176 2588 eam
2212 2538 2365 2588 non
2405 2539 2624 2588 recu-

452 2611 761 2718 perandi
812 2614 969 2689 sine
1006 2642 1122 2688 ma
1176 2616 1289 2688 nis
1341 2616 1673 2715 expensis
1710 2672 1729 2704 ‚
1778 2628 1849 2686 et
1883 2612 2260 2686 laboribus
2292 2670 2309 2702 ,
2346 2609 2624 2712 nempe

451 2707 517 2784 si
544 2707 757 2782 detur
771 2726 1113 2786 mutuum
1189 2714 1412 2786 omini
1435 2711 1677 2788 duhiae
1699 2708 1893 2803 fidei,
1909 2712 2022 2786 vel
2041 2713 2349 2812 pauperi
2365 2710 2629 2809 (intel-

438 2804 599 2904 nge
631 2864 649 2892 ‚
679 2809 742 2880 si
778 2811 915 2908 ipsi
950 2810 1077 2885 des
1112 2826 1459 2884 mutuum
1490 2866 1507 2897 ,
1538 2810 1915 2912 praeter'id
1957 2809 2163 2910 quod
2200 2824 2278 2881 tu
2313 2806 2630 2909 praecise

448 2905 727 2980 teneris
778 2934 865 2983 ex
902 2924 1269 3008 proecepto
1305 2908 1416 2983 illi
1443 2922 1780 2983 mutuare
1806 2965 1825 2997 ,
1860 2904 1955 2979 ad
1981 2912 2142 3006 ejus
2182 2922 2626 3007 praesentem

449 3002 783 3102 inopiam
839 3005 1366 3088 sublevandam
1396 3007 1426 3104 )
1453 3060 1472 3079 .
1501 3004 1928 3081 Dummodo
1986 3032 2056 3079 2.
2117 3031 2272 3080 non
2327 3031 2630 3078 recuses

453 3104 1070 3178 assecurationem
1106 3105 1318 3178 sortis
1351 3162 1370 3195 ‚
1419 3107 1480 3180 si
1532 3102 1668 3177 tibi
1714 3103 2060 3179 offeratur
2109 3128 2243 3204 per
2291 3103 2567 3203 pignus
2603 3158 2628 3194 ,

432 3208 583 3272 ‘aut
614 3199 1157 3296 fidejussionem
1193 3257 1213 3288 ,
1246 3217 1320 3274 et
1354 3228 1506 3276 non
1538 3227 1752 3299 cogas
1781 3204 2312 3274 mutuatarium
2353 3201 2448 3274 ad
2479 3201 2632 3274 tale

454 3297 869 3396 periculum
912 3299 1460 3398 transigendum
1494 3355 1514 3388 ,
1551 3314 1634 3372 ut
1664 3297 1861 3372 recte
1886 3312 2144 3372 notant
2181 3299 2389 3371 Les-5.
2420 3326 2494 3370 n.
2533 3298 2634 3396 39

427 3410 529 3464 ‘et
549 3394 769 3469 Salm.
807 3423 879 3472 n.
923 3399 1042 3472 85.
1069 3398 1141 3468 in
1144 3399 1341 3494 fine.
1376 3395 1745 3469 Caeterum
1783 3395 1971 3469 bene
2009 3397 2289 3496 exigere
2334 3410 2548 3498 potes
2586 3402 2633 3471 a

434 3495 901 3567 “mutuatarw
932 3495 1011 3566 id
1045 3493 1244 3595 quod
1283 3494 1466 3566 alter
1504 3493 1634 3566 tibi
1673 3494 1877 3566 daret
1908 3521 2040 3594 pro
2081 3497 2636 3569 assecuratione

453 3590 670 3667 sortis,
700 3647 718 3679 ,
766 3591 939 3664 licet
991 3608 1333 3667 mutuum
1396 3591 1870 3690 postmodum
1921 3592 2201 3691 integre
2257 3593 2395 3667 tibi
2452 3592 2636 3665 red-

386 3691 391 3698 ’
438 3683 696 3759 datur.
732 3689 970 3771 Ratio,
1001 3692 1171 3789 quia
1200 3701 1293 3761 “te
1336 3713 1694 3787 exponere
1733 3689 1862 3762 tali
1903 3692 2238 3788 periculo
2260 3749 2277 3773 ‚
2309 3689 2485 3765 vere
2520 3704 2637 3764 est

453 3784 690 3887 pretio
721 3787 1166 3865 aestimabile.
1191 3787 1295 3860 Ic}
1311 3788 1793 3860 confirmatur
1821 3811 1881 3861 ι.
1907 3789 2016 3861 Ex
2040 3788 2375 3862 Concilio
2404 3791 2636 3862 Late-

452 3882 748 3958 tunensi
784 3879 976 3956 Sess.
1022 3909 1128 3958 ιο.
1170 3885 1309 3958 sub
1358 3888 1604 3962 Leone
1643 3885 1739 3962 X.
1781 3883 1911 3957 ubi
1948 3912 2085 3984 pro
2135 3914 2357 3959 usura
2407 3886 2635 3959 dam-

454 3994 677 4054 natur
703 3980 1090 4078 quodlibet
1113 3983 1405 4056 lucrum
1448 4008 1535 4054 ex
1564 4008 1643 4055 re
1676 3981 2101 4080 infrugifera
2135 4000 2583 4084 perceptum
2610 4041 2635 4072 ,

431 4076 743 4154 ”secluso
780 4083 1022 4156 tamen
1058 4080 1272 4158 titulo
1320 4079 1634 4158 laboris.
1668 4094 1792 4156 aut
1829 4080 2169 4184 sumptas
2207 4138 2228 4172 ,
2260 4099 2390 4161 aut
2438 4084 2643 4185 peri-
