2950 4709
539 278 575 325 ,ι
586 255 673 324 06
816 253 964 322 Lib.
981 254 1097 320 111.
1119 253 1335 322 Tract.
1357 255 1443 323 V.
1462 256 1562 322 De
1579 254 1864 347 Septimo
1879 256 2201 349 Praeeepto
2218 253 2441 324 Decal,

533 394 599 440 c.
638 368 685 438 8
720 393 791 466 q.
833 367 1004 440 aR.
1039 365 1080 438 3
1115 382 1186 438 et
1217 365 1389 440 Rob.
1435 393 1523 439 ac
1557 366 1714 438 Dic.
1755 369 1948 464 apud
1982 367 2198 440 Salm.
2237 370 2440 442 Ratio
2475 423 2494 453 ,
2533 365 2681 442 tum

541 464 715 563 quia
752 490 837 537 ex
874 466 919 538 l.
962 491 1080 538 un.
1126 465 1206 538 C.
1247 465 1336 535 de
1384 465 1684 560 Monop.
1736 464 1879 538 hoc
1918 468 2225 563 graviter
2262 465 2685 565 prohibetur

540 561 680 635 sub
721 561 1126 662 privatione
1182 562 1517 634 omnium
1568 561 1984 648 bonorum,
2023 579 2098 636 et
2138 570 2496 664 perpetuo
2552 564 2683 636 exi·-

540 659 687 751 lio;
726 660 882 732 tum
918 661 1086 760 quia
1122 659 1552 759 hujusmodi
1585 662 2022 736 Mercator-es
2053 687 2183 761 per
2216 664 2543 735 medi-um
2565 663 2687 734 ini-

542 785 772 857 quum
804 774 1076 855 cogunt
1099 758 1278 831 alios
1309 784 1551 832 emere
1577 763 1809 859 pretio
1836 760 1969 831 ino
1993 788 2359 861 supiemo.
2379 761 2689 833 Secundae

537 871 787 929 tamen
825 858 1179 930 sententia
1213 857 1432 930 dicit:
1489 858 1621 930 hos
1674 885 1827 930 non
1862 883 2163 957 peccare
2196 864 2455 933 contre
2490 859 2683 956 justi-

492 1021 496 1028 .
539 956 719 1028 tiam
750 1012 767 1045 ‚
801 970 871 1028 et
905 955 1096 1029 hanc
1126 970 1381 1028 tenent
1409 956 1613 1027 Less.
1651 957 1698 1029 l.
1738 981 1781 1028 2
1815 984 1878 1029 c.
1918 983 1996 1029 21
2050 982 2123 1030 n.
2179 960 2326 1051 145.
2382 957 2558 1054 Lug.
2593 957 2675 1028 D.

541 1053 640 1127 26
671 1081 742 1126 η.
788 1080 917 1152 ¹72
951 1071 1022 1125 et
1052 1055 1206 1151 173.
1242 1054 1422 1126 Vivo
1445 1055 1532 1124 de
1563 1055 1799 1127 Contr.
1824 1071 2058 1152 quaest.
2094 1081 2134 1126 2
2163 1081 2233 1125 a.
2274 1059 2417 1148 4122
2454 1056 2546 1152 2(
2570 1054 2683 1154 qui

538 1166 749 1225 vocat
783 1152 1304 1248 communem)
1336 1153 1502 1223 Fill.
1541 1167 1593 1226 t.
1627 1152 1721 1226 35
1744 1179 1810 1224 c.
1840 1154 1887 1222 8
1920 1179 1997 1223 η.
2036 1155 2200 1226 232.
2230 1147 2528 1225 Holzm.
2561 1174 2618 1225 c,
2641 1154 2685 1244 4

540 1275 615 1322 n.
654 1252 821 1324 80¹5.
868 1250 1196 1322 Tambur..
1246 1251 1421 1323 Dec.
1467 1250 1514 1322 l.
1549 1251 1596 1320 8
1640 1274 1703 1321 c.
1744 1249 1787 1324 3
1832 1249 1911 1346 §.
1950 1276 2033 1323 ¹2
2082 1276 2155 1324 n.
2208 1278 2280 1323 11
2323 1276 2482 1322 cum
2522 1251 2682 1321 Mol.

541 1347 815 1422 Bonae.
842 1347 1142 1422 etSalm.
1171 1376 1236 1421 c.
1274 1374 1315 1420 2
1349 1372 1421 1420 n.
1454 1348 1718 1421 56cum
1752 1348 1904 1444 Tap
1948 1349 2189 1420 Bam·
2216 1349 2390 1445 Reg.
2427 1363 2504 1420 et
2533 1372 2684 1447 pro-

541 1444 867 1519 habilem
908 1461 1110 1521 vocat
1148 1446 1397 1546 Laym.
1440 1447 1485 1516 l.
1524 1470 1584 1517 c.
1642 1470 1713 1518 n.
1767 1448 1860 1539 42
1895 1472 2051 1517 cum
2087 1446 2180 1517 P.
2218 1448 2407 1518 Nar.
2460 1449 2685 1526 Prima

541 1546 900 1616 sententia
934 1559 1043 1617 est
1069 1545 1371 1643 quidem
1398 1540 1837 1643 probabilis;
1861 1543 1989 1616 sed
2014 1542 2170 1617 haee
2196 1542 2525 1618 secunda
2557 1569 2687 1616 non

542 1641 793 1714 minus
836 1642 1239 1742 probabilis
1281 1642 1611 1728 videtur,
1645 1656 1718 1715 et
1765 1640 1950 1714 forte
1997 1642 2457 1741 probabilior
2489 1698 2504 1727 ,
2548 1642 2689 1714 tim}

545 1742 973 1813 auctoritate
1012 1744 1171 1815 DD.
1208 1740 1365 1814 iiim
1401 1741 1725 1830 ratione3
1761 1742 1930 1839 quia
1975 1766 2125 1811 non
2165 1740 2338 1839 apte
2374 1740 2640 1813 dicitur
2668 1796 2687 1828 ,

543 1837 748 1938 quod
780 1839 1190 1912 venditores
1227 1840 1740 1914 convenientes
1783 1837 2093 1910 vendere
2135 1840 2369 1938 pretio
2415 1864 2693 1911 summo

542 1952 810 2033 cogant
863 1938 1040 2010 alios
1099 1938 1194 2010 ad
1243 1939 1347 2010 sic
1390 1935 1781 2016 emendum
1828 1991 1846 2021 ,
1905 1935 2075 2009 curn
2128 1937 2244 2009 isti
2295 1935 2684 2010 voluntarie

542 2051 834 2127 emant3
866 2040 923 2109 si
952 2052 1351 2132 coguntur,
1372 2062 1522 2108 non
1560 2049 1921 2133 coguntur
1947 2040 1984 2106 a
2015 2034 2509 2107 venditoribus
2529 2093 2552 2122 ‚
2575 2032 2689 2107 sed

543 2139 586 2205 ὲ
626 2161 753 2206 sua
795 2140 1102 2235 propria,
1136 2137 1561 2208 necessitate
1604 2188 1622 2219 ‚
1678 2158 1843 2233 quae
1890 2159 2036 2206 non
2073 2148 2312 2233 potest
2349 2134 2497 2205 dici
2536 2158 2685 2205 vera

543 2233 827 2306 coactio
880 2260 964 2307 ex
1077 2248 1226 2305 arte
1279 2233 1743 2305 venditorum
1793 2257 2162 2305 emanans,
2214 2231 2430 2304 Recte
2478 2230 2689 2331 igitur

542 2329 920 2430 loquendo
942 2388 959 2421 ‚
991 2260 1393 2404 dicendum
1518 2357 1553 2401 r
1576 2329 1798 2402 talem
1828 2332 2385 2404 conventionem
2418 2344 2691 2429 empto-

541 2454 661 2502 res
710 2431 953 2527 potius
988 2431 1328 2530 impediri
1381 2456 1418 2502 a
1517 2427 1830 2500 emendo
1880 2430 2113 2527 pretio
2148 2429 2462 2501 minori.
2510 2428 2685 2502 Cum

527 2542 792 2599 *autem
846 2529 948 2600 sic
1002 2527 1552 2626 impediuntur,
1598 2553 1747 2599 non
1806 2529 2166 2625 irrogatur
2220 2529 2319 2599 eis
2378 2527 2689 2624 injuria,

541 2626 686 2697 nisi
714 2624 1211 2725 impediantur
1234 2626 1449 2700 minis
1475 2623 1589 2696 vel
1628 2624 2022 2697 mendaciis
2053 2682 2071 2715 ,
2108 2624 2296 2697 siciit
2333 2619 2690 2697 aecid‘itin

546 2724 765 2796 omni·
810 2722 950 2797 alio
1012 2722 1703 2820 cont1·actu:Aliter
1759 2724 2037 2795 etiarnsi
2097 2723 2363 2822 aliquis
2419 2722 2709 2806 tantum·

539 2821 885 2895 suaderet
921 2822 1328 2910 venditori,
1365 2836 1447 2895 ut
1485 2819 1827 2894 venderet
1871 2827 2109 2921 pretio
2150 2848 2440 2898 summo
2486 2822 2691 2893 etiam

435 2973 448 2980 -
543 2936 884 3020 peccaret
918 2914 1166 2994 contra
1217 2920 1565 3019 justitiam
1591 2978 1608 3009 ‚
1643 2933 1716 2993 et
1770 2932 2141 2992 teneretur
2177 2919 2269 2993 ad
2311 2921 2692 2992 restitutio-

544 3044 715 3092 nem
750 3045 770 3105 ς
806 3019 1007 3118 quod
1040 3020 1263 3090 iidem
1306 3018 1668 3091 Contrarii
1709 3033 1997 3114 negant.
2037 3019 2216 3093 Hoec
2247 3020 2433 3089 ratio
2468 3017 2688 3090 sumi·

541 3129 670 3188 ‘tur
699 3142 784 3189 ex
812 3117 1057 3213 regula
1086 3117 1400 3215 generali
1426 3172 1443 3202 ,
1478 3132 1558 3189 ut
1589 3116 1904 3188 diximus
1934 3142 2010 3187 n.
2041 3116 2179 3191 582
2208 3130 2279 3186 et
2301 3117 2467 3210 584.
2501 3112 2692 3187 Sicut

545 3217 745 3288 enim
779 3241 929 3288 non
961 3214 1273 3290 infertur
1310 3216 1577 3312 injuria
1603 3213 1848 3299 alteri,
1893 3215 2017 3286 cui·
2052 3215 2207 3288 sine
2244 3215 2310 3286 vi
2343 3215 2460 3286 vel
2498 3213 2689 3286 frau-

546 3309 640 3385 de
685 3312 1082 3412 impedias,
1132 3327 1215 3387 ut
1259 3325 1560 3386 testator
1611 3312 1973 3412 relinquat
2008 3310 2506 3387 haereditatem
2548 3336 2690 3382 non

543 3410 869 3484 debitam
910 3469 928 3500 ‚
975 3413 1256 3484 etiamsi
1308 3425 1603 3484 testator
1639 3424 1794 3482 erat
1830 3408 2354 3484 determinatus
2401 3410 2493 3482 ad
2535 3433 2691 3481 eam

397 3545 401 3564 ι
517 3509 658 3582 illi
690 3509 1248 3610 relinquendam
1280 3535 1298 3599 ;
1337 3511 1438 3581 ita
1464 3510 1549 3579 in*
1580 3534 1749 3580 casu
1786 3523 2054 3582 nostro.
2094 3508 2300 3583 Licet
2331 3506 2548 3607 igiter
2592 3521 2690 3577 ta·

545 3607 640 3680 lis
655 3607 1035 3682 conventio
1057 3611 1148 3682 sit
1174 3608 1453 3695 illicita,
1469 3606 1643 3705 qui&
1667 3620 1775 3678 est
1798 3607 2162 3704 prohibita
2187 3612 2342 3703 jure
2421 3607 2687 3687 ositivo,

545 3729 700 3779 non
738 3720 842 3778 est
879 3721 1122 3780 tamen
1154 3707 1509 3806 injuriosa
1537 3710 1697 3803 jure
1724 3705 2061 3782 naturali.
2094 3706 2246 3778 Nec
2283 3635 2473 3777 νεῖαι
2495 3703 2689 3775 dice·

501 3835 508 3846 ·
545 3830 660 3886 re,
697 3799 897 3902 quod
923 3807 1076 3904 ipsa
1110 3804 1499 3879 conventio
1526 3804 1992 3876 venditorum
2026 3860 2044 3892 ,
2080 3803 2251 3878 oiim
2277 3805 2419 3905 ipsi
2446 3816 2695 3878 mutue

542 3902 964 4001 obligentur
1009 3902 1104 3975 ad
1160 3928 1308 3975 non
1351 3901 1825 3975 vendendum
1885 3904 2022 3976 nisi
2075 3904 2307 4002 pretio
2356 3925 2688 3983 summo,

546 4014 833 4096 cogeret
855 4015 1216 4100 emptores
1243 4001 1335 4072 ad
1352 4003 1453 4074 sic
1477 3998 1870 4075 emendum
1890 3997 2603 4101 :Nam-respondetur
2631 4023 2690 4071 ι.

474 4122 481 4129 ·
546 4097 753 4198 quod
785 4098 926 4172 hoc
960 4113 1252 4200 pactum
1286 4155 1305 4189 ,
1339 4125 1510 4174 cum
1540 4100 1638 4174 sit
1666 4097 1926 4202 sponte
1952 4097 2222 4178 initum
2252 4158 2273 4194 ‚
2308 4098 2589 4178 nonsit
2615 4095 2690 4169 in
