2950 4709
483 208 508 236 ³
595 272 760 367 Cap.
794 273 848 342 Ι.
883 272 1058 341 nuh.
1093 273 1207 344 111.
1241 273 1343 341 De
1374 273 1558 372 Statu
1587 270 1936 362 Religioso.
2238 265 2369 341 363
2422 363 2449 376 κ

214 409 370 469 sua,
405 386 531 485 qui
580 386 898 459 intendit
949 410 1231 458 servare
1264 384 1552 458 tantum
1594 386 1942 459 mandata
1974 382 2374 483 obligantia

215 483 348 555 sub
388 484 579 581 gravi
608 542 627 575 ,
676 485 819 557 alia
852 482 1026 559 vero
1059 485 1315 557 statuit
1353 485 1601 557 omnia
1634 484 2086 582 transgredi,
2122 483 2235 557 vel
2273 481 2372 561 de

214 581 294 653 iis
331 595 492 656 non'
519 609 773 656 curare
806 581 1107 655 ?Pn'ma
1138 582 1496 656 sententia
1522 581 2003 682 probabiliter
2020 581 2368 673 affirmat,

211 683 373 779 quia
411 682 654 780 ipsum
691 683 1149 782 propositum
1194 707 1346 754 non
1402 680 1712 753 curandi
1747 679 1838 753 de
1869 679 2141 780 regulis
2174 737 2194 770 ,
2232 681 2373 754 etsi

209 780 802 880 praecipientibus
856 778 1144 853 tantum
1208 777 1347 852 sub
1401 778 1593 863 levi,
1635 792 1745 851 est
1791 777 2114 853 virtualis
2150 778 2245 851 de
2279 778 2367 851 iis

210 892 693 977 contemptus.
747 879 853 951 Ita
905 879 1119 951 Crocia:
1152 879 1187 949 l
1235 880 1283 971 4
1321 901 1420 948 esc
1456 903 1532 950 n.
1569 876 1686 975 57.
1724 877 1937 950 'Elbel
1956 893 2011 951 t.
2044 902 2087 949 2
2106 904 2184 970 p.
2220 874 2371 951 612

209 999 277 1048 n.
323 976 490 1075 592.
529 975 702 1049 item
748 976 923 1049 Lez.
980 977 1157 1069 Srlv,
1199 974 1418 1049 Barb.
1448 973 1711 1047 Escob.
1746 992 1879 1050 etc.
1915 974 2119 1075 apud
2146 974 2367 1050 Salm.

207 1095 267 1146 c.
328 1099 352 1147 ι
400 1100 477 1147 n.
527 1073 643 1147 23.
692 1073 1013 1153 Secunda
1049 1087 1296 1147 tamen
1345 1074 1701 1147 sententia
1740 1075 2208 1147 communior
2227 1089 2254 1162 ¹,
2293 1086 2371 1146 et

259 1170 653 1246 robabilior
684 1185 899 1271 negat
930 1172 1149 1250 talem
1184 1196 1494 1271 peccare
1519 1173 1850 1269 graviter.
1888 1174 1994 1246 Ita
2022 1169 2283 1245 Sanch.
2310 1172 2369 1251 l.

204 1193 334 1344 gc.
370 1270 515 1343 5η.
552 1293 603 1368 9
634 1287 797 1344 etc.
834 1267 991 1365 ξπ.
1043 1271 1451 1368 18.in‘fine,
1483 1271 1707 1358 Salar.
1738 1268 2363 1365 n.'24·c·12mAzor.'

206 1366 566 1448 Patral.
627 1367 828 1441 Suar.
875 1368 1163 1469 ‘Payrin
1216 1363 1469 1442 Pelliz.
1505 1384 1633 1440 etc.
1673 1370 1775 1443 Et
1802 1367 1996 1441 idem
2031 1365 2368 1469 expresse

208 1463 415 1538 docet
464 1466 544 1540 S.
591 1463 722 1540 Th.
775 1465 844 1537 d.
904 1491 972 1564 q.
1040 1465 1173 1541 186
1207 1492 1311 1540 ar.
1358 1491 1433 1564 9.
1474 1468 1553 1539 in
1599 1489 1905 1568 corpore
1936 1521 1955 1552 ,
1993 1465 2124 1539 uhi
2168 1467 2240 1539 S.
2274 1461 2367 1539 D?

206 1576 374 1638 tunc
408 1564 711 1637 damnat
743 1564 835 1638 de
855 1563 1146 1638 mortali
1166 1563 1611 1663 Religiosum
1636 1622 1655 1655 ,
1677 1592 1851 1639 cum
1880 1564 2007 1638 vel
2036 1565 2098 1638 is
2128 1565 2368 1639 trans·-

206 1660 527 1757 greditur
561 1661 887 1762 regulam
936 1689 1022 1737 ex
1067 1663 2031 1763 contemptu·(intelligitur
2063 1662 2370 1760 quidem

204 1759 483 1833 formali
509 1762 582 1857 );
621 1760 732 1833 vel
767 1787 940 1835 eum
985 1762 1148 1858 agit·
1196 1766 1451 1837 contra
1500 1763 1871 1861 regulam,
1914 1775 2041 1834 aut
2077 1759 2368 1837 Praelati

204 1881 621 1956 expressum
661 1874 1141 1960 praeceptum,
1178 1860 1515 1959 obligans
1550 1916 1567 1944 ,
1603 1875 1685 1934 ut
1708 1859 2185 1959 intelligitur,
2227 1857 2368 1931 suh

206 1958 410 2055 gravi.
447 1958 655 2032 Ratio
680 2015 698 2046 ,
737 1959 906 2058 quia
939 1983 1026 2030 eo
1080 1962 1240 2059 ipso
1266 2014 1282 2044 ,
1323 1959 1528 2056 quod
1556 1958 1961 2057 Religiosus
2003 1956 2178 2029 velit
2208 1965 2369 2029 ser-‘⁴

200 2075 359 2126 vare
427 2068 832 2156 praecepta,
887 2081 1056 2155 quae
1110 2070 1446 2155 respectu
1517 2057 1750 2155 ipsius
1800 2055 2153 2151 obligant
2230 2054 2369 2128 sub'

205 2153 432 2251 gravi,
464 2179 638 2227 cum
677 2156 806 2226 ista
841 2153 934 2227 de
981 2180 1058 2228 se
1088 2207 1107 2241 ,
1142 2169 1216 2229 et
1267 2168 1603 2253 respectu
1643 2155 1953 2228 aliorum
1986 2156 2134 2226 sint
2170 2150 2371 2228 mera

208 2253 505 2327 consilia
529 2310 549 2338 ,
583 2252 836 2328 volens
893 2279 978 2327 ea
1014 2277 1327 2340 servare,
1359 2258 1519 2354 ‘jam
1553 2251 1790 2328 tendit
1844 2251 1938 2326 ad
1973 2251 2371 2352 perfectio-j

207 2371 390 2423 nem.
2364 2389 2367 2394 ·

296 2450 455 2522 Hoc
511 2462 759 2522 tamen
804 2447 1176 2547 intellige,
1217 2449 1419 2551 quod
1478 2448 1743 2528 sicille
1777 2445 2242 2524 excusandus
2280 2446 2374 2524 ait
2398 2476 2455 2514 1²

208 2546 243 2618 a
270 2545 564 2622 mortali
610 2604 629 2637 ,
670 2550 952 2621 ratione
1006 2548 1235 2644 hujus
1267 2548 1575 2649 praecise
1605 2547 2111 2646 obligationis,
2148 2549 2374 2648 'qu'am

207 2641 421 2718 habet
444 2644 801 2736 tendendi
818 2646 914 2718 ad
936 2646 1458 2745 perfectionem
1483 2673 1501 2731 3
1522 2673 1698 2719 -nam
1717 2645 2146 2722 difficillime
2164 2671 2403 2719 exem:

205 2742 473 2817 sabitur
489 2743 791 2845 quidem
802 2768 888 2817 ex
908 2744 974 2816 al
987 2745 1066 2815 iis
1084 2745 1745 2844 capitibusmempe
1762 2748 2047 2819 ratione
2063 2743 2380 2845 periculi

206 2842 782 2940 transgrediendi
806 2842 1134 2932 vota,vel
1167 2870 1375 2941 grave
1405 2844 1761 2916 damnum
1790 2844 2150 2943 Religioni
2190 2842 2381 2915 infe·-

202 2939 406 3014 rendi
489 2939 681 3015 uoad
711 2940 1118 3041 regularem
1134 2941 1611 3044 disciplinam
1628 2957 1765 3015 etc.
1790 2967 1956 3040 quoe
1983 2940 2230 3014 omnia
2257 2942 2375 3038 (ut

205 3035 411 3112 docet
476 3038 693 3111 anch.
717 3040 762 3113 l.
782 3067 842 3113 c.
861 3054 976 3117 est
995 3040 1370 3114 moraliter
1393 3038 1825 3155 impossible
1845 3039 2094 3112 evitari
2125 3037 2217 3111 ab
2252 3063 2339 3112 eo
2359 3097 2377 3122 ,,

209 3137 329 3234 qui
370 3139 831 3252 propositum
871 3136 1097 3211 habet
1135 3136 1715 3235 transgrediendi
1750 3192 1768 3222 ,
1801 3136 2382 3236 velnegligendi

207 3257 441 3308 omma
476 3249 748 3321 statuta
782 3234 921 3309 sub
950 3235 1150 3333 gravi
1186 3262 1337 3308 non
1374 3234 1805 3334 obligantia.
2159 3259 2164 3266 ·
2392 3299 2399 3306 f

302 3331 678 3426 Quaeritur
709 3347 951 3414 autem
988 3333 1112 3407 hic
1145 3334 1383 3406 obiter
1413 3336 1504 3408 ΙΙ.
1538 3339 1653 3408 An
1681 3332 1993 3434 quilibet
2024 3333 2383 3407 Christia-

207 3452 342 3502 nus
447 3434 712 3504 raviter
771 3447 1028 3533 peccet
1054 3489 1074 3521 ,
1134 3432 1194 3505 si
1287 3446 1604 3531 roponat
1638 3433 2095 3505 committere
2126 3433 2376 3505 omnia

206 3529 405 3601 v'enia
442 3531 509 3603 ia
538 3529 594 3603 ἓ
623 3530 1009 3604 Affirmant
1038 3460 1303 3602 sanci).
1334 3533 1402 3603 d.
1444 3555 1510 3605 c.
1553 3530 1597 3606 5
1629 3556 1706 3604 n.
1745 3535 1789 3625 4
1829 3546 1898 3603 et
1924 3530 2114 3604 Bon.
2158 3530 2332 3631 quia
2358 3586 2384 3618 ,

205 3639 283 3697 ut
316 3627 536 3701 docet
563 3629 629 3700 S.
689 3628 823 3702 Th.
865 3627 1173 3701 venialia
1210 3627 1299 3700 de
1334 3655 1409 3702 se
1452 3628 1861 3728 disponunt
1905 3627 1996 3702 ad
2035 3627 2373 3705 mortale.

204 3715 306 3795 Ne
355 3739 486 3799 ant
526 3724 694 3800 vero
731 3725 1193 3827 probabilius
1225 3727 1390 3799 Pal.
1429 3743 1504 3799 et
1523 3730 1803 3809 Antan.
1842 3727 1889 3802 ἃ
1923 3725 2045 3823 Sp.
2078 3729 2146 3803 S.
2183 3727 2387 3827 apud

209 3752 414 3893 sagn.
457 3824 531 3899 d.
568 3849 630 3899 c.
685 3852 707 3897 1
753 3851 827 3897 η.
869 3850 985 3923 29.
1031 3823 1370 3919 (secluso
1424 3838 1665 3898 tamen
1726 3840 2177 3926 comtemptu
2205 3883 2224 3916 ,
2264 3824 2389 3900 vel

213 3919 541 4015 periculo
577 3923 910 4038 proximo
940 3922 1240 3996 labendi
1277 3924 1353 3997 in
1379 3922 1689 3996 mortale
1717 3980 1736 4014 ,
1766 3922 2018 3998 habito
2043 3938 2387 4024 respectu

215 4016 298 4088 ad
318 4034 762 4118 praeteritam
808 4022 1403 4120 experientiam).
1444 4023 1649 4095 Ratio
1683 4077 1700 4107 ,
1740 4024 1913 4123 quia
1945 4027 2191 4096 revera
2236 4022 2389 4099 tale

215 4119 668 4217 propositum
708 4119 1001 4196 tantum
1028 4119 1305 4212 remote
1339 4119 1709 4196 conducit·
1728 4120 1821 4196 ad
1854 4120 2197 4204 mortale.
