2950 4709
609 275 715 342 '46
826 345 833 354 ,
897 271 1180 366 Luam.
1201 271 1416 343 Tract.
1438 272 1526 343 V.
1548 274 1647 342 De
1666 273 1950 366 Septimo
1967 255 2287 367 Praecepto
2305 270 2535 341 Decal.
2611 357 2614 366 Ι

627 375 922 486 palliari
963 402 1253 487 posset,
1292 386 1498 462 illam
1536 386 1891 485 exigendo
1928 414 2083 461 non
2121 416 2253 489 pro
2311 403 2576 462 mutuo
2607 439 2632 472 ,
2683 382 2842 477 sed

630 510 766 584 pro
784 484 1229 584 obligatione
1249 486 1715 585 exspectandi
1729 485 1890 559 solu
1900 489 2194 562 tionem.
2208 488 2493 566 Ethuic
2505 483 2839 559 videtur

624 582 866 656 favere
896 585 1268 657 damnatio
1299 584 1642 658 secundae
1666 587 1883 684 Prop.
1920 587 2187 661 allatae'.
2797 659 2803 665 .

726 681 1050 753 Secunda
1085 684 1427 754 sententia
1462 682 1676 766 dicit,
1728 682 1972 782 quod,
2028 683 2201 758 licet
2254 686 2334 758 in
2383 695 2662 756 mutuo
2726 681 2836 755 sit

611 779 973 878 obligatio
998 780 1464 878 exspectandi
1489 780 1933 854 solutionem
1965 810 2097 882 per
2125 782 2433 883 aliquod
2465 796 2830 881 tempus;

614 877 928 976 quando
964 893 1210 951 tamen
1268 878 1613 975 obligatio
1651 894 1758 952 est
1816 878 1907 952 de
1961 907 2110 954 non
2165 880 2614 983 repetendo,
2666 879 2831 952 nisi.

623 992 790 1089 post
819 977 1137 1050 multum
1167 990 1490 1076 tempUS,
1523 992 1696 1076 puta
1736 1003 1865 1077 per
1894 980 2331 1066 triennium,
2368 993 2583 1069 tunc,
2619 1003 2827 1049 cum

622 1075 755 1147 illa
802 1077 1105 1150 non-sit
1161 1075 1554 1148 intrinseca
1612 1092 1872 1150 mutuo
1908 1132 1927 1160 ,
1966 1080 2193 1177 possit
2244 1076 2531 1177 aliquid
2589 1072 2823 1148 licite
2937 1105 2946 1114 ·

550 1229 555 1236 .
620 1175 829 1272 exigi.
868 1176 970 1246 Ita
994 1172 1291 1244 Medma
1319 1175 1407 1245 de
1434 1174 1730 1273 Rest.·q.
1758 1174 1848 1248 32
1881 1175 1944 1272 ἓ.
1976 1176 2180 1263 Inde,
2203 1175 2431 1266 Serra,
2463 1175 2648 1246 Led.
2683 1197 2819 1268 ap.
2943 1197 2944 1264 ξ

616 1273 750 1342 Ps.
796 1299 869 1345 n.
924 1272 1010 1344 25
1077 1271 1327 1371 ibique
1372 1270 1831 1372 probabilem
1929 1287 2137 1346 utant
2170 1274 2383 1345 Trull.
2418 1273 2662 1344 Hen‘r.
2723 1297 2821 1343 ac
2941 1311 2944 1354 j

618 1369 997 1459 Bassa-us,
1035 1384 1251 1469 atque
1279 1396 1430 1442 non
1464 1300 2029 1470 improbabilem
2063 1386 2269 1471 putat
2300 1369 2554 1467 Sporer
2588 1370 2697 1440 de
2729 1395 2812 1482 77

491 1504 494 1507 ⁴
619 1467 848 1541 Proec.
883 1470 1036 1561 c.-·4
1068 1494 1140 1539 n.
1183 1493 1298 1565 71.
1345 1470 1445 1541 Et
1483 1469 1642 1541 haec
1679 1472 2036 1543 sententia
2072 1470 2238 1544 vere
2295 1494 2444 1541 non
2499 1465 2810 1539 videtur
2939 1467 2942 1480 ⁹

620 1592 753 1640 sua
787 1566 1299 1665 probabilitate
1337 1592 1612 1658 carere;
1643 1569 1702 1640 si
1736 1569 1934 1641 enim
1962 1568 2163 1641 licite
2197 1564 2478 1665 aliquid
2505 1565 2805 1664 exigere

616 1667 855 1762 ‘possit
887 1720 905 1750 ‚
958 1668 1087 1765 qui
1130 1664 1496 1763 obligatur
1552 1666 1646 1738 ad
1689 1666 2186 1739 mutuandum
2233 1665 2419 1738 infra
2476 1661 2807 1761 longum

620 1776 913 1863 tempus
947 1821 965 1853 ‚
1016 1778 1097 1835 ut
1135 1763 1404 1836 docent
1450 1764 1612 1836 DD.
1662 1763 2126 1837 communius
2174 1765 2342 1838 cum
2384 1763 2566 1834 Mol.
2605 1761 2820 1857 apud

626 1860 801 1933 Vim
841 1861 913 1932 in
949 1859 1015 1933 d.
1043 1887 1247 1959 prop.
1287 1864 1379 1954 42
1413 1887 1483 1932 n.
1523 1862 1565 1935 5
1602 1889 1734 1935 cur
1763 1889 1912 1936 non
1951 1862 2219 1962 possit,
2258 1863 2383 1961 qui
2414 1858 2809 1956 obligatur

621 1985 775 2033 non
805 1975 1127 2058 repetere
1154 1986 1395 2044 suum,
1422 1960 1559 2032 nisi
1583 1975 1750 2061 post
1771 1960 2208 2036 diuturnum
2221 1974 2512 2060 tempus
2534 1956 2570 2038 ἓ,
2593 1956 2811 2058 Vide

616 2082 791 2132 mox
818 2058 1004 2133 infra
1032 2057 1368 2132 dicenda.

724 2158 961 2229 Tertia
1005 2157 1350 2228 sententia
1406 2154 1669 2257 parum
1728 2157 1906 2231 huic
1958 2155 2302 2230 secundae
2364 2151 2805 2245 dissimilis,

618 2282 843 2355 quam
869 2270 1125 2329 tenent
1146 2253 1357 2327 Salm.
1384 2256 1546 2328 ibid.
1578 2282 1651 2329 n.
1690 2258 1783 2331 26
1812 2283 1969 2328 cum
1991 2256 2233 2327 Bana.
2256 2254 2532 2337 Prad0,
2561 2253 2806 2350 Amg.3

617 2371 692 2425 et
729 2356 1006 2427 Caram.
1049 2353 1235 2427 dicit
1262 2408 1279 2438 ‚
1320 2353 1555 2453 quod,
1600 2354 1779 2428 licet
1818 2352 2260 2428 adhaerendo
2301 2352 2556 2453 primae
2621 2353 2804 2422 sen-

615 2455 867 2537 tentiae
886 2508 903 2538 ,
934 2452 1215 2547 exigere
1242 2450 1526 2549 aliquid
1555 2452 1853 2565 praecise
1890 2479 2023 2552 pro
2049 2466 2378 2551 tempore
2405 2450 2499 2522 sit
2531 2474 2797 2537 usura,

617 2564 962 2635 attamen,
993 2576 1164 2624 cum
1200 2551 1291 2621 sit
1316 2549 1691 2636 moraliter
1722 2549 2194 2651 impossibile,
2221 2546 2422 2647 quod
2451 2572 2588 2646 per
2607 2546 2801 2640 moul-

616 2662 777 2721 tum
800 2663 1087 2747 tempus
1109 2646 1598 2746 exspectando
1617 2665 2119 2736 mutuansnon
2145 2649 2462 2749 patiatur
2474 2644 2574 2716 ali
2637 2641 2796 2716 uod

616 2747 1032 2845 periculum
1053 2804 1070 2830 ,
1104 2746 1458 2820 damnum
1488 2803 1508 2835 ,
1548 2746 1665 2819 vel
1698 2746 2253 2820 incommodum
2284 2802 2302 2835 ,
2360 2757 2485 2817 aut
2519 2769 2599 2814 sa
2639 2743 2801 2816 tem.

614 2873 766 2944 non
803 2844 1248 2944 impediatur
1281 2842 1371 2916 ab
1410 2846 1816 2918 exercendo
1857 2846 2180 2959 aliquem
2213 2857 2473 2916 actum‘
2504 2840 2797 2913 libera-

518 3003 529 3026 ,
608 2942 839 3024 ,litatis
862 3001 880 3030 ‚
905 2958 1028 3016 aut
1059 2941 1354 3016 alterius
1385 2942 1710 3016 decentis
1741 2944 2179 3044 operat1oni's
2199 2999 2217 3029 ‚
2249 2937 2528 3013 idcirco
2550 2940 2803 3040 possit

616 3041 895 3139 aliquid
929 3041 1120 3113 ultra
1154 3033 1422 3115 sortem
1453 3043 1777 3142 recipere
1802 3099 1819 3129 ,
1859 3056 1930 3114 et
1957 3042 2249 3142 pacisci.
2527 3036 2534 3042 ’
2651 3105 2657 3109 .

695 3140 837 3212 Sed
853 3140 1050 3211 dices
1077 3167 1097 3210 1
1119 3191 1135 3210 .
1156 3140 1519 3238 Obligatio
1538 3140 2004 3239 exspectandi
2025 3166 2153 3240 per
2171 3134 2473 3237 aliquod
2488 3137 2645 3208 tem
2707 3162 2800 3209 us

615 3237 806 3310 inest
827 3237 1133 3310 cuilibet
1159 3253 1449 3329 mutuo,
1481 3235 1720 3326 unde,
1746 3241 1937 3312 sicut
1956 3240 2033 3312 in
2054 3252 2313 3311 mutuo
2348 3234 2442 3308 ad
2484 3234 2593 3306 15.
2686 3235 2798 3307 ies

618 3336 825 3411 adest
855 3337 1200 3435 obligatio
1246 3363 1396 3409 non
1425 3336 2023 3436 repetendiintra
2079 3337 2186 3410 15.·
2237 3335 2429 3424 dies,
2456 3333 2557 3404 ita
2599 3334 2796 3405 etin

615 3451 875 3509 mutuo
919 3435 1013 3508 ad
1053 3448 1191 3509 tres
1226 3460 1457 3507 annos
1494 3448 1602 3507 cst
1633 3433 1978 3533 obligatio
2017 3460 2148 3534 per
2176 3447 2317 3507 tres
2357 3456 2594 3505 annos
2626 3457 2798 3504 non

615 3533 1040 3634 repetendi;
1103 3532 1274 3631 quia
1337 3544 1516 3605 tunc
1568 3530 1909 3629 obligatio
1943 3534 2070 3606 illa
2128 3528 2598 3631 exspectandi
2647 3556 2800 3630 per

616 3647 762 3705 tres
816 3657 1043 3705 annos
1089 3645 1200 3703 est
1244 3632 1636 3712 intrinseca
1679 3631 1806 3703 tali
1856 3646 2154 3721 mutue,
2191 3631 2367 3706 alias
2406 3642 2799 3701 mutuator

611 3729 963 3805 'venderet
1022 3755 1229 3802 suam
1283 3728 1879 3803 commoditatem
1914 3759 1933 3801 :
1981 3728 2135 3803 Nec
2201 3721 2363 3801 talis
2428 3724 2802 3824 obligatio

618 3843 739 3900 e'xs
796 3827 1081 3901 ectandi
1109 3854 1244 3928 per
1279 3842 1559 3901 tantum
1595 3843 1884 3927 tempus
1921 3829 2076 3925 dici
2098 3826 2290 3901 valet
2318 3824 2553 3926 pretio
2584 3821 2804 3896 aesti-

616 3855 907 4001 mabilis
950 3982 969 4014 ‚
1023 3952 1192 4000 cum
1231 3927 1581 4026 ipsanon
1626 3926 1975 4029 procedat
2015 3951 2101 3999 ex
2147 3925 2416 3998 'ustitia
2444 3921 2648 4020 ,Jsed
2699 3946 2798 3997 ex

620 4023 1391 4112 eademliberalitate',
1430 4051 1517 4100 ex
1571 4051 1714 4125 qua
1764 4023 2122 4125 procedit
2187 4021 2583 4102 ‘ene'ficium
2619 4046 2799 4094 mu·-

620 4122 905 4200 tuandi.
948 4120 1094 4200 ⁴Sed
1121 4122 1553 4233 responderi
1576 4137 1863 4226 potest?
1909 4121 2235 4204 Cuilibet
2278 4119 2826 4218 mutuoxinest'
