2950 4709
535 232 665 302 ‚256
748 234 889 301 Lib.
921 234 1038 304 111.
1069 234 1283 306 Tract.
1315 237 1402 307 V.
1441 238 1542 305 De
1570 236 1859 329 Septimo
1894 235 2215 331 Praeoepto
2244 236 2469 306 Decal.

334 394 340 402 -
416 396 433 407 -
534 346 725 444 Aug.
772 348 1001 422 Hem.
1035 349 1286 421 et-ah‘cls·
1327 349 1662 444 plurimis.
1704 351 1906 423 Ratio
1936 408 1953 435 ,
1986 352 2157 448 quia
2199 366 2311 448 jus
2348 335 2717 452 Ciirilein1

537 443 681 517 hoc
706 461 1117 520 correctum
1135 462 1246 521 est
1276 446 1730 529 aCanonic0‚
1757 464 2188 547 argumento
2218 473 2373 542 cap.
2392 446 2695 517 Gemma

534 542 623 612 de
657 543 1010 640 Despons.
1055 545 1183 617 ubi
1218 601 1235 631 ‚
1296 545 1391 617 ad
1419 545 1841 619 servandam
1882 546 2287 619 libertatem
2316 547 2393 617 in
2441 545 2690 615 Matri·-

536 643 787 715 monio
812 698 829 730 ‚
861 644 1066 717 irrita
1111 644 1525 720 declaratur
1578 670 2062 744 quaeeumque
2102 670 2317 743 poena
2355 647 2433 716 in
2472 667 2693 742 spon·

533 738 811 812 salibus
843 744 1167 842 apposita
1199 772 1213 813 ε
1252 741 1439 815 Cum
1483 758 1723 819 autem
1752 745 1825 815 in
1858 744 2320 817 Matrimonio
2354 746 2537 814 ratio
2571 741 2690 810 Sa-

533 842 892 911 cramenti
959 843 1054 913 sit
1119 841 1400 938 dignior
1467 844 1745 914 ratione
1778 856 1783 863 “
1817 840 2234 913 contractus
2281 898 2298 928 ‚
2367 837 2540 911 ideo
2598 835 2691 909 ad

530 937 968 1009 Potestatem
1031 940 1587 1037 ecclesiasticam
1659 939 2161 1040 principaliter
2222 940 2541 1038 pertinet
2603 935 2693 1006 de

537 1036 1026 1109 Matrimoniis
1063 1038 1486 1137 disponere,
1517 1053 1587 1111 et
1626 1037 1971 1110 refellere·
1988 1053 2258 1110 statuta
2296 1035 2425 1107 illa
2454 1033 2694 1107 civilia

541 1158 708 1231 quae
754 1135 1254 1207 omnimodam
1313 1135 1724 1208 libertatem
1774 1138 1850 1207 in
1923 1135 2400 1210 Matrimoniis
2469 1133 2692 1207 dimi-

531 1247 804 1307 imunt.
846 1234 1376 1307 Contradicunt
1428 1251 1671 1306 tamen
1725 1234 1965 1322 Sotus,
2021 1234 2200 1305 Mol.
2237 1232 2456 1304 Salm,
2517 1231 2690 1304 Led.

542 1331 617 1401 V
608 1357 764 1426 ega,
809 1333 875 1401 V
871 1335 1083 1429 {guen
1118 1347 1188 1403 et
1216 1333 1340 1403 alii
1371 1333 1561 1428 apud
1591 1333 1853 1405 Sanch.
1892 1333 1938 1402 l.
1984 1359 2049 1406 c.
2082 1358 2155 1404 n.
2207 1360 2228 1403 1
2275 1332 2692 1428 horumque

527 1432 968 1501 sententiam
1015 1431 1290 1505 Bonae.
1324 1445 1536 1504 vocat
1568 1430 2024 1531 probabilem
2051 1489 2069 1517 ,
2109 1445 2184 1502 et
2218 1425 2488 1524 Sanch.
2528 1451 2689 1526 pro·

536 1522 1093 1601 babilissimam.
1147 1531 1351 1601 Ratio
1383 1585 1400 1615 ‚
1438 1531 1603 1628 quia
1633 1531 1712 1625 in
1747 1531 1943 1602 dicto
1971 1552 2035 1600 c·
2083 1527 2411 1616 Gemma,
2450 1548 2685 1598 sermo

525 1638 647 1694 est
688 1624 779 1697 de
970 1653 1060 1697 na
1097 1682 1113 1712 ,
1157 1629 1277 1701 cui
1342 1629 1594 1725 sponsi
1646 1626 1842 1701 ultro
1888 1655 1965 1700 se
2015 1626 2468 1725 subjiciunt,
2534 1624 2692 1695 cui-

525 1747 682 1820 que
731 1651 966 1794 nuffo·e
997 1724 1219 1798 modo
1271 1726 1947 1822 obstringebantur,
1990 1727 2127 1798 nisi
2176 1749 2308 1823 per
2345 1737 2690 1821 pactum,

527 1820 740 1919 quod
775 1821 1068 1920 quidem
1104 1823 1520 1898 adversatur
1557 1825 1999 1898 Matrimonii
2038 1822 2397 1903 libertati:
2453 1821 2685 1892 sedin

529 1933 785 1991 :nostro
818 1946 986 1993 casu
1022 1923 1256 2019 agitur
1291 1922 1382 1995 de
1413 1946 1652 2021 poena,
1677 1949 1838 2022 quae
1877 1921 2047 1994 filiis
2091 1919 2274 1993 ‘uste
2311 1918 2687 2020 infligitur,

513 2017 727 2118 -juste
758 2022 953 2092 enim
983 2047 1068 2093 ex
1093 2023 1297 2094 omni
1329 2027 1488 2117 iure
1508 2021 1640 2093 filii
1672 1949 2428 2119 privanturriegitima,
2465 2043 2688 2115 quan-

523 2115 638 2187 -do
661 2141 873 2212 grave
927 2119 1218 2192 crimen‘
1247 2124 1498 2192 contra
1544 2122 1886 2193 Parentes
1920 2119 2433 2205 committunt;
2474 2114 2682 2215 quale

536 2228 779 2287 autem
836 2214 1069 2315 majus
1114 2219 1428 2301 crimen,
1463 2221 1685 2316 quam
1713 2273 1730 2303 ‚
1766 2218 2054 2312 reiectis
2115 2215 2438 2287 honestis
2506 2240 2684 2317 upp-

515 2310 680 2397 tiis,
709 2313 928 2388 filiam
953 2316 1141 2390 velle
1181 2343 1256 2390 se
1293 2316 1776 2415 prostituere?
1809 2316 2145 2416 Utraque
2188 2317 2551 2386 sententia
2583 2324 2683 2383 est

535 2409 939 2507 probabilis
962 2469 980 2502 ,
1019 2413 1146 2487 sed
1198 2415 1353 2487 haec
1382 2415 1705 2487 secunda
1733 2414 2020 2487 videtur
2054 2410 2511 2510 probabilior
2541 2414 2687 2505 jux-

535 2512 610 2578 ta
663 2507 858 2582 dicta
890 2536 966 2581 n.
1013 2512 1165 2610 ¹37·
1197 2511 1726 2610 Tanto-magis,
1765 2513 1935 2611 quia
1975 2513 2192 2584 etiam
2217 2535 2432 2609 poena
2478 2533 2693 2607 app&

531 2603 666 2677 sita
720 2606 797 2678 in
853 2609 1313 2707 sponsalibus
1350 2613 1539 2709 parti
1589 2610 1857 2709 injuste
1912 2606 2306 2695 resilienti,
2364 2605 2558 2679 valet
2600 2630 2686 2677 ex

534 2701 1009 2801 probabiliori
1050 2711 1403 2782 sententia
1433 2765 1452 2795 ,
1492 2722 1576 2782 ut
1604 2708 1936 2783 dicemus
1969 2710 2055 2779 de
2090 2708 2306 2779 Matr.
2366 2704 2487 2777 lib.
2538 2706 2589 2778 6
2615 2730 2683 2775 n.

535 2801 679 2875 852
720 2826 899 2873 vers.
932 2805 1342 2879 Notandum
1365 2821 1628 2881 autem.
1664 2806 1830 2881 Alia
1864 2833 1933 2879 v.
1968 2806 2161 2901 apud
2177 2804 2395 2876 Salm.
2424 2831 2494 2877 c.
2537 2828 2579 2873 2
2614 2827 2678 2871 n.

530 2923 655 2998 90.
695 2898 862 2974 Filii
890 2900 938 2976 ὲ
964 2907 1327 2978 contrario
1363 2908 1702 2993 Parentes
1732 2904 2194 2977 exhaeredare
2246 2915 2559 2998 possunt
2593 2898 2685 2970 ob

531 2998 820 3075 similes·
842 3027 1092 3079 causas
1120 3006 1158 3087 ,’
1198 3031 1376 3103 quas
1407 3003 1651 3077 videre
1684 3005 1953 3102 poteris
1982 3001 2176 3101 apud
2217 2999 2434 3078 Salm.
2466 3025 2543 3070 n.
2570 3023 2678 3096 9¹·

633 3098 774 3169 Sed
808 3097 1189 3173 dubitatur
1236 3129 1293 3173 ι.
1333 3129 1421 3174 an
1463 3103 1541 3173 in
1574 3100 1861 3175 casibus
1912 3100 2353 3181 enumeratis
2382 3102 2685 3193 ‚possint

531 3193 876 3270 Parentes
942 3198 1107 3271 filiis
1162 3200 1375 3273 etiam
1432 3198 1776 3283 alimenta
1845 3196 2197 3296 denegare
2227 3195 2259 3267 ἓ
2305 3195 2686 3268 Affirmant

537 3293 688 3365 Vas
741 3296 1183 3397 ‚etSylv.Sed
1205 3297 1704 3379 communius,
1742 3295 2048 3393 etlonge
2080 3292 2536 3394 probabilius
2558 3320 2686 3366 ne-

501 3444 508 3452 .
533 3416 675 3488 gan
712 3389 926 3467 Salm.
947 3419 1131 3494 '²⁰9²
1155 3422 1309 3467 cum
1332 3393 1768 3469 Trullensch.
1796 3410 1868 3468 et
1893 3396 1965 3471 V
1955 3395 2117 3479 illal.
2138 3395 2199 3464 si
2228 3393 2361 3464 filii
2387 3390 2684 3465 aliunde

538 3489 881 3565 alimenta
918 3517 1068 3565 non
1107 3493 1418 3565 babeant
1448 3493 1539 3565 ad
1577 3495 1790 3566 vitain
1824 3493 2225 3567 necessaria
2259 3516 2279 3580 ;
2332 3493 2467 3562 ista
2498 3492 2696 3562 enim.

529 3611 818 3687 semper
849 3588 1247 3683 debentur,
1281 3591 1538 3664 saltem
1589 3617 1676 3668 ex
1714 3597 1872 3689 jure
1912 3590 2329 3677 Canonico,
2361 3603 2437 3662 et
2472 3604 2683 3661 natu-

531 3684 668 3757 rali
689 3742 707 3769 ‚
735 3703 808 3761 et
840 3692 1056 3767 etiam
1088 3750 1104 3777 ‚
1148 3690 1369 3774 dico,
1402 3690 1494 3762 de
1523 3697 1680 3786 jure
1711 3691 1944 3774 civili,
1975 3714 2121 3787 quo
2160 3700 2405 3760 tamen
2461 3687 2688 3759 exhae·

531 3782 786 3858 redare
828 3788 1060 3861 filium
1117 3787 1547 3863 conceditur
1584 3788 2056 3873 Parentibus,
2094 3812 2246 3859 non
2279 3802 2527 3859 autem
2559 3785 2684 3857 ali·

497 3934 505 3943 ,
534 3899 781 3957 menta
809 3887 1169 3983 denegare,
1384 3962 1390 3967 .

634 3982 902 4067 Dabit(
929 4012 995 4059 2.
1035 3988 1106 4057 Si
1143 4001 1365 4084 pater,
1405 3992 1670 4084 justam
1708 3988 1998 4059 causam
2036 3982 2337 4066 habens,
2370 3981 2461 4054 de
2496 3981 2675 4053 facto

537 4094 782 4155 tamen
809 4108 961 4156 non
996 4083 1402 4159 exhaeredet
1423 4085 1645 4178 filios»,
1675 4112 1767 4157 an
1801 4083 2085 4184 possint
2108 4084 2224 4156 isti
2258 4081 2524 4182 privari
2547 4079 2682 4157 haee
