2950 4709
583 218 716 311 278
811 220 889 288 L.
914 220 1036 287 III.
1068 219 1285 289 Tract.
1312 218 1433 288 VI.
1467 220 1566 287 De
1599 218 1749 287 Oct.
1782 218 1976 286 PraeC.
2012 232 2077 285 et
2098 217 2291 287 Praec.
2324 210 2502 283 Eccl.

515 362 522 365 ·
583 356 748 405 sum
780 387 800 420 ,
840 356 1129 430 semper
1182 332 1588 405 revocanda
1645 345 1754 405 est
1803 330 2179 404 infamatio
2209 384 2228 411 .
2262 328 2405 401 nisi
2455 335 2712 399 constet

586 428 679 503 de
710 428 1123 521 oblivione;
1164 431 1258 503 ita
1290 431 1579 502 Lesstus
1607 431 1653 500 l.
1686 457 1745 502 c.
1779 445 1852 501 et
1879 430 2027 520 Cas.
2059 454 2150 499 ac
2176 426 2335 499 Dic.
2369 452 2482 519 ap.
2521 419 2711 495 croix

539 518 631 602 —L
669 527 713 599 3
736 554 813 624 p.
858 554 898 601 2
929 554 998 601 n.
1047 526 1254 602 1255.
1310 529 1470 601 Hoc
1507 541 1752 601 tamen
1786 527 2176 601 advertunt
2211 522 2632 624 procedere,
2659 518 2725 590 si

580 625 876 701 nullum
918 624 1330 725 periculum
1358 627 1452 700 sit
1474 680 1493 707 ,
1528 641 1612 699 ut
1639 650 1771 725 per
1803 627 2393 699 retractationem
2420 619 2716 694 criminis

583 725 940 798 memoria
991 739 1420 809 renovetur3
1457 723 1646 797 Nam
1676 724 1872 821 Lugo
1904 724 2004 798 D.
2061 723 2142 796 15
2181 748 2250 792 n.
2283 721 2408 795 35.
2440 719 2716 790 Holzm.

581 821 672 915 de
712 823 911 894 Rest.
954 849 1020 895 c.
1064 822 1108 896 3
1158 847 1228 894 n.
1279 823 1426 916 604
1459 820 1755 905 dicunt,
1793 821 1889 894 ali
1948 819 2192 894 nando
2234 815 2476 891 multo
2511 813 2715 913 magis

584 921 1088 1020 periculosum
1114 919 1272 994 fore
1293 977 1320 1010 ,
1346 918 1593 1019 quoad
1627 946 1881 994 servan
1938 947 2057 991 am
2086 919 2357 1001 famam
2393 910 2714 1016 proximi,

586 1014 1116 1093 detractionem
1152 1034 1541 1095 retractare
1574 1076 1594 1108 ‚
1627 1021 2053 1092 memoriam
2093 1013 2507 1089 revocando
2531 1068 2550 1101 ,
2581 1034 2719 1111 quae

586 1115 775 1191 forte
816 1117 965 1217 jam
1003 1131 1431 1206 evanuerat,
1533 1121 1700 1189 uam
1751 1132 2011 1190 tacere.
2046 1117 2239 1191 Hinc
2274 1120 2488 1210 ajunt
2537 1112 2718 1183 Coma

586 1214 938 1314 Τσιινηεζγ·
975 1231 1025 1289 t.
1087 1243 1108 1291 1
1147 1244 1228 1313 p.
1268 1217 1434 1290 380.
1467 1143 1721 1289 {Iaza
1772 1231 1824 1290 t.
1857 1240 1897 1286 2
1923 1242 1996 1314 p.
2034 1214 2200 1307 456.
2231 1212 2458 1284 Holz.
2487 1209 2531 1282 l.
2564 1236 2624 1281 c.
2660 1220 2720 1278 et

586 1310 806 1384 Salm.
838 1339 902 1386 c.
938 1312 984 1405 4
1010 1339 1082 1386 n.
1125 1315 1257 1388 138
1280 1339 1436 1386 cum
1461 1314 1643 1385 Less
1693 1313 1886 1387 Ναν.
1918 1314 2014 1383 M
2012 1315 2109 1385 οἱ,
2139 1310 2499 1382 Val.B0n.
2527 1307 2593 1377 Τ
2585 1304 2733 1377 rull«-

586 1426 661 1483 εἰ
689 1410 849 1482 Dic.
892 1409 1220 1483 sufficere
1255 1411 1349 1484 ad
1380 1411 1858 1485 omittendam
1892 1410 2515 1493 retractatio-nem,
2546 1401 2721 1504 quod

589 1507 859 1597 oblivio
894 1507 1376 1607 probabiliter
1414 1509 1781 1585 credatur.
1820 1508 2101 1581 Deinde
2146 1520 2399 1579 censet
2432 1504 2632 1577 Less.
2658 1515 2732 1571 et·

565 1605 809 1699 'Salsm
841 1632 1001 1678 cum
1055 1606 1287 1704 Lago,
1328 1623 1401 1678 et
1428 1607 1617 1678 Bon.
1660 1610 1938 1680 crimen
1970 1603 2572 1706 praesumendum
2602 1602 2722 1697 ob-

586 1693 844 1793 litum,
885 1705 946 1776 si
987 1729 1118 1818 per
1158 1703 1480 1777 multum
1539 1719 1837 1804 tempus·
1884 1704 2089 1777 nulla
2139 1702 2229 1774 de
2277 1701 2415 1774 illo
2473 1697 2715 1781 mentio

515 1862 520 1867 .
588 1797 780 1875 facta
827 1802 1071 1876 fuerit.
1122 1803 1226 1876 Et
1268 1805 1346 1874 in
1390 1802 1530 1876 boc
1569 1804 1872 1903 insuper
1901 1799 2432 1877 advertendum
2482 1826 2508 1871 t
2538 1792 2719 1896 ‘quod

593 1897 690 1972 ad
728 1901 1268 1973 restitutionem
1303 1901 1509 1977 famae
1548 1906 1964 2000 requiratur
1997 1899 2291 1973 moralis
2325 1893 2670 1970 certitudo
2695 1944 2717 1981 ,ι

596 1996 802 2097 quod
859 1996 1228 2073 detractor
1287 1999 1513 2072 fidem
1579 1998 1977 2073 obtinuerit
2045 1997 2248 2098 apud
2309 1996 2662 2068 auditores
2697 2014 2716 2078 ;

593 2094 772 2169 alias
799 2154 817 2184 ,
870 2124 959 2171 ex
1012 2096 1259 2196 regula
1317 2099 1678 2196 generali,
1711 2097 2006 2172 nullum
2042 2097 2405 2170 damnum
2440 2090 2712 2165 dubium

589 2208 703 2289 est
767 2196 859 2268 de
914 2197 1339 2270 necessitate
1393 2197 1979 2286 restituendum,
2030 2192 2258 2294 proiit
2303 2193 2617 2266 diximus
2650 2211 2709 2256 n·

595 2292 741 2385 562
809 2321 870 2369 ν.
928 2294 1272 2369 Secunda.
1317 2295 1491 2370 Nec.
1541 2292 1705 2368 raro
1758 2294 1850 2368 de
1903 2295 2096 2367 facto
2160 2291 2485 2377 accidit,
2542 2281 2711 2395 quod

592 2391 711 2479 liis
772 2390 1349 2481 detractionibus
1408 2391 1588 2467 fides
1642 2419 1794 2466 non
1904 2405 2234 2467 raestetur
2265 2415 2283 2481 ;
2334 2389 2634 2462 maxime
2667 2405 2713 2453 si

593 2487 962 2564 detractor
999 2490 1348 2588 loquatur
1372 2515 1458 2564 ex
1481 2492 1586 2564 ira
1617 2546 1635 2578 ,
1667 2492 1779 2564 vel
1805 2519 1842 2562 a
1878 2492 1946 2562 ia
1975 2492 2344 2591 passione,
2368 2502 2455 2561 et
2472 2487 2712 2558 detrac-

591 2589 697 2661 tio
752 2590 1187 2662 testimoniis
1220 2587 1576 2676 aliorum,
1610 2603 1738 2663 aut
1772 2589 1981 2663 aliter
2008 2614 2159 2661 non
2201 2589 2554 2660 firmetur.
2583 2578 2712 2654 Ad-

591 2685 1026 2759 vertendum
1083 2713 1124 2757 2
1166 2712 1337 2759 cum
1370 2687 1568 2784 Lugv
1593 2689 1665 2761 d.
1697 2714 1772 2761 n.
1806 2687 1896 2762 35
1931 2686 2136 2787 quod
2172 2684 2578 2760 retractatio
2605 2701 2711 2775 per

598 2809 676 2873 se
707 2782 957 2857 afferat
980 2783 1351 2857 infamiam
1381 2785 1844 2875 retractanti,
1883 2783 2082 2859 unde
2119 2782 2424 2884 quando
2451 2777 2711 2886 dubita-5

592 2894 716 2954 tur
746 2882 835 2955 de
864 2882 1228 2957 oblivione
1253 2881 1742 2956 infamationis
1768 2909 1970 2969 ‚mon
2007 2881 2293 2958 videtur
2326 2881 2490 2980 quis
2518 2873 2707 2950 teneri

591 2981 951 3053 damnum
976 2996 1260 3054 certum
1295 2982 1445 3080 pati
1467 3035 1486 3067 ,
1520 2980 1614 3054 ad
1652 2979 2143 3082 reparandum
2172 2982 2536 3053 incertum
2551 2972 2711 3044 dam-¹

588 3104 775 3150 num
813 3081 1146 3178 proximi.
1199 3081 1295 3152 Et
1355 3078 1528 3152 iicet
1582 3080 1852 3178 injuria
1891 3081 2198 3174 irrogata
2237 3079 2332 3151 sit
2392 3080 2706 3158 certaret

586 3176 760 3248 ideo
850 3175 1216 3266 raevaleat‚
1259 3191 1580 3250 attamen
1629 3178 1800 3276 quia
1850 3178 2208 3250 restitutio
2253 3200 2404 3249 non
2441 3172 2708 3246 debetur

587 3275 689 3346 ob
717 3301 795 3346 so
832 3303 947 3348 am
981 3276 1327 3371 injuriam
1356 3332 1375 3362 ‚
1411 3276 1542 3349 sed
1594 3275 1687 3348 ob
1723 3275 2080 3348 damnum
2104 3274 2268 3348 vere
2307 3274 2613 3356 illatum,
2640 3275 2718 3336 ut'

590 3372 907 3457 diximus
965 3401 1136 3447 cum
1184 3373 1260 3447 S.
1324 3374 1392 3443 T
1386 3373 1580 3445 hom.
1627 3375 1697 3445 d.
1752 3400 1827 3448 n.
1896 3373 2038 3447 562
2083 3399 2235 3446 non
2269 3371 2704 3444 videturesse

590 3469 939 3567 obligatio
996 3472 1435 3544 resarciendi
1488 3473 1841 3544 damnum
1902 3470 2217 3545 dubium
2266 3497 2438 3544 cum
2473 3467 2703 3539 damno

590 3584 789 3641 certo
840 3572 1323 3659 restituentis,
1373 3569 1511 3641 nisi
1552 3569 1852 3669 quando
1906 3569 2144 3643 solum
2177 3561 2701 3670 periculumin-

588 3666 823 3758 famiae
875 3668 1182 3742 alterins
1248 3669 1326 3740 in
1380 3667 1627 3766 aliquo
1689 3695 1860 3741 casu
1914 3695 2026 3740 ma
2083 3670 2140 3741 's
2211 3668 2696 3743 aestimaretur‚
2818 3750 2819 3753 Ἴ

592 3767 813 3866 quam
841 3767 1141 3853 infamia
1178 3780 1369 3839 certa
1402 3819 1423 3853 ,
1451 3764 1599 3839 sive
1637 3765 1993 3839 damnum
2028 3696 2470 3839 detractoris,
2704 3778 2711 3788 '

475 3912 575 3965 999
687 3895 727 3933 >2
759 3865 856 3935 .si
916 3868 972 3937 is
1026 3921 1044 3951 ,
1092 3867 1214 3938 cui
1251 3863 1619 3938 detraxisti
1648 3921 1666 3951 ‚
1725 3865 1856 3938 tibi
1909 3864 2246 3938 similiter
2305 3852 2693 3936 detraxerim

593 3993 628 4027 n
686 3986 822 4033 nec
853 3963 1029 4047 velit
1064 3962 1441 4036 restituere
1471 3988 1492 4052 ;
1531 3965 1702 4063 quia
1742 3977 1925 4037 tunc
1954 3979 2159 4062 potes
2189 3967 2359 4061 jure·
2382 3973 2691 4070 compep-

577 4064 642 4143 ''’².
659 4140 666 4146 .
685 4059 981 4143 Sationis
1011 4115 1032 4163 ζ
1061 4087 1187 4144 scu
1219 4061 1644 4139 retentionis
1677 4061 1790 4140 uti
1822 4108 1844 4154 ·,
1882 4059 2290 4141 dummodo
2312 4059 2587 4138 infamia
2611 4044 2689 4121 d-
