2950 4709
481 210 525 285 6
745 202 893 283 Lib.
912 207 1029 282 m.
1048 203 1264 282 Tract.
1285 209 1374 284 V.
1391 213 1493 281 De
1506 208 1791 305 Septimo
1806 205 2127 307 Praecepto
2139 211 2364 281 Decal.

472 327 559 400 in
602 323 715 400 his
768 326 1268 401 contractibus
1304 324 1851 428 praeferendum
1908 353 2062 400 esse
2099 345 2591 428 possessorem
2632 374 2658 408 ,

479 423 720 499 donec
757 453 889 526 per
935 425 1682 525 sententiam-judicis
1723 426 2261 499 condemnetur
2300 423 2394 495 ad
2432 412 2657 496 resti-

475 523 880 612 tuendum3
934 539 1007 598 et
1049 524 1401 625 probatur
1448 550 1537 596 ex
1566 549 1630 595 c.
1684 525 1855 596 Cum
1890 539 2053 614 sunt
2079 579 2099 615 ‚
2137 525 2227 594 dc
2264 523 2441 619 Reg.
2482 520 2648 591 Jur.

472 614 611 694 ubi
640 645 658 691 τ
688 624 862 694 Cum
901 635 1066 696 sunt
1089 626 1401 721 partium
1420 622 1587 720 jura
1610 619 1896 695 obscurb
1920 676 1938 712 ‚
1976 647 2097 693 reo
2121 614 2654 717 pott'usfavcn-

473 716 640 790 dum
686 735 830 805 est,
886 723 1090 820 qudm
1149 720 1390 793 actori.
1456 719 1667 793 Hanc
1712 721 2148 794 sententiam
2200 744 2348 792 non
2403 714 2657 790 solum

476 830 662 919 puto
698 812 1270 918 probabiliorem
1302 874 1320 905 ‚
1359 819 1486 891 sed
1523 818 1597 891 in
1628 820 1832 920 praxi
1866 813 2170 891 omnino
2199 814 2598 890 tenendam
2627 867 2652 901 ‚

477 914 776 1015 eoquod
831 920 860 1014 (
894 920 1089 1017 juxta
1134 918 1369 1016 princi
1430 921 1698 1007 iumiu
1740 916 1885 990 hoc
1937 911 2129 990 libro
2159 915 2371 990 toties
2414 925 2659 987 statu-

473 1026 636 1085 tum
662 1014 693 1110 )
716 1070 733 1096 ,
775 1037 949 1088 cum
987 1020 1336 1113 possessio
1371 1044 1487 1116 jus
1517 1029 1796 1089 certum
1831 1015 2107 1088 tribuat
2132 1070 2151 1103 ‚
2190 1014 2449 1113 nequit
2537 1035 2656 1083 os·

474 1133 718 1185 sessor
761 1132 840 1185 re
869 1109 1258 1212 expoliari,
1299 1108 1441 1186 nisi
1479 1122 1764 1200 constet
1793 1113 1884 1185 de
1917 1118 2077 1214 jure
2108 1111 2437 1184 alterius.
2544 1133 2662 1182 aec.

476 1224 724 1281 autem
770 1212 978 1284 tertia
1033 1214 1387 1285 sententia
1443 1212 1799 1313 supponit
1841 1209 2241 1285 secundam
2290 1210 2462 1282 satis
2492 1231 2661 1280 esse

473 1301 970 1408 probabilem.
1025 1309 1168 1382 Sed
1221 1312 1479 1410 primae
1526 1312 1899 1384 sententiae
1944 1315 2296 1382 Auctores
2352 1317 2659 1421 possent

478 1400 801 1502 objicere
835 1428 1038 1481 exem
1096 1407 1254 1481 lum
1305 1414 1526 1510 supra
1574 1408 1885 1496 relatum
1942 1401 2387 1482 Matrimonil
2441 1404 2662 1476 elan-

480 1499 790 1596 destini,
843 1504 998 1580 sine
1041 1436 1372 1579 Barocho
1413 1522 1485 1580 et
1523 1501 1827 1580 testibus
1862 1503 2024 1579 initi
2057 1561 2075 1589 ‚
2129 1531 2214 1578 ex
2257 1531 2405 1602 quo
2442 1500 2658 1575 nulla

477 1618 811 1677 remanet
839 1602 1193 1700 naturalis
1233 1606 1582 1704 obligatio
1611 1661 1629 1692 ‚
1666 1626 1840 1678 cum
1875 1604 1966 1676 ab
1998 1599 2330 1677 Ecclesia
2370 1602 2446 1673 in
2481 1602 2658 1673 Tri-

477 1693 793 1774 dentino
825 1702 1150 1775 Sessione
1185 1709 1275 1796 24
1319 1732 1475 1801 cap.
1500 1731 1557 1797 ¹:a
1599 1697 1903 1776 omnino
1952 1699 2357 1775 invalidum
2398 1697 2661 1771 decla-

478 1814 721 1873 ratum
746 1800 989 1874 fuerit.
1024 1799 1167 1872 Sed
1194 1800 1701 1900 respondetur,
1726 1794 2154 1900 hujusmodi
2184 1811 2688 1895 contractum.

475 1891 806 1970 multum
830 1892 1137 1984 ⁴differre
1168 1889 1263 1971 ab
1294 1895 1502 1988 aliis,
1535 1912 1869 1999 respectu
1906 1900 2100 1972 enim
2142 1898 2236 1971 ad
2279 1896 2660 1970 Matrimo-

474 1991 587 2069 nii
626 2004 1122 2085 contractum,
1178 2025 1348 2071 cum
1401 2001 1554 2099 ipse
1604 1998 1700 2070 ad
1732 1999 2175 2070 Sacramenti
2219 1994 2657 2091 dignitatem
2704 2037 2751 2089 δ·

479 2089 798 2168 elevatus
828 2095 1087 2181 fuerit,
1115 2091 1508 2196 singularis
1537 2110 1852 2196 potestas
1883 2100 1919 2167 ὲ
1954 2097 2108 2169 Deo
2139 2095 2505 2194 impertita
2544 2107 2660 2165 est

474 2187 825 2286 Ecclesiae
850 2250 868 2279 ‚
911 2193 1244 2268 solvendi
1275 2196 1555 2269 scilicet
1582 2194 1673 2266 ab
1705 2194 1908 2266 omni
1934 2192 2378 2291 obligatione
2411 2193 2654 2290 Spon-

476 2293 803 2392 sos‚‚qui
834 2288 994 2365 sine
1034 2285 1297 2366 debitis
1345 2291 1899 2367 conditionibus
1934 2290 2024 2364 ab
2047 2289 2383 2365 Ecclesia
2418 2314 2660 2390 praes-
2749 2351 2754 2355 .

478 2390 732 2489 criptis
771 2389 1077 2490 Nuptias
1124 2391 1425 2475 ineunt:
1468 2409 1641 2464 nam
1688 2405 1761 2463 et
1803 2390 2135 2463 Ecclesia
2163 2445 2182 2479 ,
2232 2389 2406 2462 licet
2461 2386 2664 2461 nihil

477 2501 770 2562 mutare
828 2488 1059 2587 possit
1121 2490 1317 2561 circa
1342 2489 2015 2563 'sacramentorum
2083 2487 2457 2559 materiam
2493 2541 2510 2570 ,
2578 2500 2662 2558 et

475 2582 651 2657 {deb
688 2581 984 2659 nullum
1025 2599 1258 2686 potest
1288 2585 1693 2660 invalidare
1737 2585 2281 2659 Matrimonium
2322 2584 2659 2682 legitimo

477 2705 844 2757 consensu
922 2699 1380 2758 contractum
1411 2740 1429 2771 ‚
1508 2700 1829 2759 attamen
1904 2681 2094 2778 bene
2174 2684 2658 2783 praescribere

463 2780 695 2871 valet,
725 2799 792 2856 et
831 2781 1715 2882 declarare‚illegitimum
1747 2808 1899 2855 esse
1934 2806 2370 2872 consensum
2411 2780 2663 2872 illum,

476 2898 703 2978 quem
729 2883 990 2979 Sponsi
1020 2895 1403 2981 apponunt
1431 2887 1685 2954 contra
1707 2880 1942 2979 legem
1960 2879 2052 2952 ab
2081 2876 2408 2953 Ecclesia
2432 2905 2660 2978 prop·

465 2990 593 3074 'ter
616 3005 1009 3054 commune
1036 2981 1318 3052 bonum
1345 2980 1776 3053 Christianae
1803 2975 2249 3077 Reipublicae
2270 2981 2660 3052 sancitam.

474 3068 751 3149 Procul
783 3075 1027 3150 tamen'
1061 3076 1289 3151 dubio
1308 3071 1611 3152 'tenetur
1657 3102 2025 3176 possessor
2054 3089 2243 3148 stare
2273 3075 2658 3149 sententiae

473 3174 799 3263 Judicis,
837 3177 897 3248 si
935 3172 1328 3249 damnetur
1359 3175 1451 3248 ad
1490 3176 2061 3260 restituendum,
2108 3190 2190 3246 ut
2227 3172 2416 3246 'bene
2444 3169 2658 3247 addit

473 3270 651 3348 Cab.
689 3276 820 3347 loc,
855 3270 968 3347 cit.
1011 3301 1083 3346 n.
1116 3275 1158 3348 5
1187 3274 1440 3368 z‘nfine.
1480 3277 1598 3346 An
1630 3273 1799 3346 vero
1834 3274 2062 3373 possit
2094 3271 2138 3345 J
2146 3272 2328 3344 udex
2357 3297 2443 3342 eo
2478 3298 2655 3344 casu
2751 3321 2760 3328 -

466 3371 811 3470 ‘judicare
839 3377 1091 3446 contra
1132 3391 1616 3471 possessorem
1651 3429 1670 3461 ‚
1706 3373 1764 3444 si
1848 3370 2255 3444 rohabilior
2282 3373 2372 3441 sit
2397 3372 2442 3443 J
2449 3369 2650 3442 udici

473 3468 726 3582 opinio
779 3471 1189 3569 possessori
1221 3470 1617 3570 opposita?
1656 3399 2122 3556 Probabiliiis
2169 3496 2350 3566 nego
2378 3517 2412 3556 ,-
2451 3472 2654 3564 juxta

182 3578 198 3591 ⁶
305 3655 309 3660 .
430 3615 437 3623 ·
470 3560 787 3640 timenda
816 3565 930 3642 lib.
964 3570 1009 3663 4
1039 3595 1113 3638 n.
1157 3594 1294 3641 210
1319 3591 1382 3639 ν.
1425 3564 1758 3683 Quoeritur
1786 3564 1897 3640 II.
1929 3567 2070 3640 Hic
2107 3579 2351 3639 autem
2378 3579 2656 3637 notan-

472 3663 654 3737 dum
699 3661 774 3736 id
806 3721 823 3751 ‚
863 3664 1066 3764 quod
1115 3664 1428 3740 habetur
1458 3687 1531 3737 tn
1567 3667 1612 3737 l.
1651 3663 1818 3738 Etsi
1840 3663 2205 3750 z'nutl'lder,
2248 3668 2330 3737 C.
2388 3664 2475 3734 de
2514 3666 2592 3734 F
2588 3665 2672 3756 ί-ι

473 3761 773 3836 deicom.
813 3766 1103 3865 nempe,
1131 3766 1337 3866 quod
1361 3821 1379 3854 ‚
1408 3766 1471 3837 si-
1512 3764 1737 3838 haeres
1778 3769 1936 3862 jani
1966 3764 2348 3836 tradiderit
2376 3787 2532 3834 rem
2565 3788 2655 3836 ex

472 3859 644 3936 {idei
680 3857 1072 3935 commisso
1113 3864 1448 3937 relictam
1482 3862 1557 3934 in
1598 3876 2029 3934 testamento
2077 3889 2224 3933 non
2263 3861 2581 3933 solemni
2629 3918 2645 3951 ,

470 3961 1290 4060 nequeat-postmodum
1306 3981 1480 4035 'eam
1500 3975 1828 4059 repetere
1847 3963 1985 4032 hac
2003 3959 2314 4060 praecise
2335 3960 2649 4046 ratione,
2713 4029 2716 4034 .

466 4079 628 4174 ⁶¹3²&
660 4079 806 4135 non
843 4083 947 4134 aa·
986 4061 1142 4135 sola
1177 4054 1525 4164 Scriptura
1547 4062 1577 4161 (
1599 4060 1818 4136 verba
1854 4061 2147 4159 textus)
2182 4058 2318 4133 sed
2337 4085 2436 4133 ex
2474 4083 2657 4133 con·-
