2950 4709
434 258 525 327 48
707 245 853 325 Lib.
866 259 992 326 111.
1012 260 1229 327 Tract.
1249 257 1338 329 V.
1360 261 1460 328 De
1480 260 1763 352 Septimo
1779 261 2100 353 Praecepto
2114 257 2337 329 Decal.

435 397 478 448 >³
532 386 774 471 pacto,
824 372 1110 445 Dicitur
1151 374 1347 448 enim
1385 401 1605 447 usura
1636 375 1975 450 mentalis
2006 430 2027 462 ‚
2079 371 2252 447 ciam
2287 372 2454 472 quis
2481 361 2609 441 iu·-

437 500 475 537 υ
536 472 941 544 tentionem
981 470 1204 544 habet
1252 472 1661 572 accipiendi
1691 471 1976 574 aliquid
2002 499 2090 546 ex
2126 485 2386 544 mutuo
2412 466 2612 541 ultra.

436 599 480 640 υ
534 583 806 642 sortem
834 625 854 656 ‚
897 571 1032 642 etsi
1072 569 1384 643 exterius
1416 586 1629 670 pacto
1665 572 1744 644 id
1775 598 1930 645 non
1964 571 2324 671 exprimat
2357 597 2376 639 ε
2417 566 2614 639 sicut

437 698 481 737 2)
538 666 751 742 realis
780 722 801 754 ‚
833 668 962 740 sed
1000 669 1313 751 exterior
1348 669 1569 742 usura
1621 671 1926 756 dicitur,
1956 696 2129 745 cum
2165 669 2328 768 quis
2368 668 2612 738 interi-²

437 798 476 832 n
504 835 509 842 ,
537 767 815 840 tionem
860 764 1065 839 illam
1096 791 1239 865 ,per
1285 783 1580 880 pactum
1639 766 1942 867 aliquod
1990 768 2354 868 exprimit.
2389 758 2615 857 Quod

438 895 481 935 »
540 861 939 964 aliquando
965 864 1254 938 tantum
1279 864 1638 963 implicite
1663 869 1744 939 fit
1777 868 1855 939 in
1894 866 2144 965 aliquo
2178 875 2559 940 contractu
2589 913 2612 951 ,

441 993 478 1030 n
540 977 614 1037 et
658 977 957 1036 vocatur
991 1019 1012 1048 ‚
1053 990 1275 1035 usura
1310 963 1614 1063 palliata
1642 1020 1660 1052 ‚
1705 991 1877 1039 cum
1918 964 2259 1038 videlicet
2307 975 2616 1034 contra-

438 1090 481 1129 »
539 1060 802 1135 lientes
863 1061 1336 1174 praetendunt
1386 1061 1613 1135 alium
1653 1077 2115 1138 contractum
2156 1058 2553 1161 emption‘is
2592 1109 2617 1142 ,

440 1190 479 1226 a
540 1158 925 1238 locationis
954 1215 974 1247 ‚
1030 1173 1171 1233 etc.
1237 1160 1315 1231 in
1374 1187 1524 1260 quo
1581 1176 1832 1234 tamen
1892 1165 2135 1235 revera
2189 1158 2621 1233 usurarium

441 1288 480 1324 a
543 1257 723 1356 quid
763 1259 1176 1330 intervenit.
1218 1256 1410 1331 Vide
1446 1258 1780 1359 exempla
1819 1259 2016 1359 apud
2037 1261 2106 1332 T
2102 1258 2243 1330 olet
2259 1258 2309 1329 l.
2335 1257 2380 1330 5
2401 1283 2465 1328 c.
2495 1254 2618 1326 3'1.

542 1357 737 1429 Hinc
761 1370 1065 1429 nonest
1097 1381 1337 1429 sermo
1370 1354 1463 1429 de
1499 1385 1718 1430 usura
1757 1358 2105 1445 mentali,
2142 1380 2308 1456 quae
2342 1356 2431 1426 iu'
2454 1349 2622 1425 solo

447 1454 695 1528 animo
723 1455 914 1526 sistit
941 1454 1101 1527 sine
1132 1455 1423 1528 datione
1451 1458 1741 1546 mutui,
1774 1455 1935 1530 haec
1968 1456 2164 1530 enim
2199 1453 2293 1527 ad
2329 1450 2625 1542 nullam

446 1554 983 1626 restitutionem
1019 1550 1293 1649 obligat
1328 1582 1344 1622 z
1380 1553 1633 1627 Sermo
1662 1568 1904 1627 autem
1940 1556 2022 1627 fit
2041 1553 2133 1628 de
2164 1577 2386 1625 usura
2419 1574 2627 1621 men-

447 1650 620 1736 tali,
654 1673 821 1749 quae
853 1655 1248 1748 conjuncta
1287 1666 1397 1724 est
1424 1678 1599 1724 cum
1629 1668 1887 1725 mutuo
1928 1653 2088 1727 sine
2123 1666 2367 1723 tamen
2404 1660 2625 1749 pacto

448 1773 790 1847 expresso
822 1747 938 1820 vel
976 1749 1195 1826 tacito
1230 1749 1571 1823 lucrandi
1607 1750 1891 1851 aliquid
1913 1755 2132 1851 supra
2174 1753 2446 1822 sortem
2469 1802 2489 1835 ‚
2528 1742 2627 1815 ad

450 1846 1005 1920 distinctionem
1027 1874 1264 1921 usuroe
1285 1848 1536 1932 realis,
1563 1875 1726 1949 quae
1760 1851 1996 1922 oritur
2026 1875 2113 1924 ex
2149 1847 2626 1946 pacto.Quae-·

449 1944 710 2019 riturI.
738 1945 1059 2038 Quando
1093 1972 1179 2019 ex
1208 1946 1345 2021 hae
1378 1973 1601 2020 usura
1628 1947 1930 2020 mentali
1964 1949 2242 2020 oriatur
2267 1941 2626 2041 'obligatio

451 2044 931 2117 restitutionis
965 2045 995 2116 ἓ
1036 2044 1368 2118 Dicimus
1407 2044 1469 2120 I.
1501 2044 1831 2138 Quando
1868 2069 2089 2119 usura
2124 2041 2468 2117 mentalis
2514 2052 2628 2113 est

451 2167 540 2220 ex
578 2157 783 2243 parte
838 2144 1220 2242 utriusque
1247 2201 1267 2234 ‚
1302 2144 1402 2216 ita
1449 2159 1535 2216 ut
1585 2158 1929 2217 mutuans
1968 2143 2282 2243 accipiat
2325 2139 2628 2213 lucrum

449 2245 830 2340 tamquam
854 2242 1169 2340 pretium
1190 2243 1473 2329 mutui,
1510 2256 1584 2315 et
1607 2243 2094 2316 mutuatarius
2119 2256 2204 2314 ut
2230 2238 2377 2313 tale
2404 2238 2628 2309 etiam

450 2339 725 2425 solvat,
763 2354 941 2410 tunc
972 2339 1171 2412 certe
1203 2339 1498 2412 lucrum
1541 2338 2077 2415 restituendum
2111 2336 2629 2414 ost.'Dicimus

443 2436 545 2509 Π.
580 2435 896 2529 Quando
933 2462 1151 2509 usura
1185 2438 1526 2510 mentalis
1561 2453 1670 2512 est
1712 2463 1802 2513 ex
1836 2453 2039 2539 parte
2066 2439 2296 2513 solius
2324 2449 2630 2509 mutua-

452 2535 658 2619 tat-ii,
701 2537 830 2633 qui
865 2532 994 2606 dat
1022 2535 1320 2607 lucrum
1362 2551 1446 2610 ut
1479 2537 1797 2636 pretium
1826 2594 1844 2627 ,
1885 2552 1959 2611 et
2005 2550 2385 2610 mutuatur
2424 2531 2631 2606 acci-

447 2629 566 2733 pit
613 2631 1004 2705 bonafide
1040 2647 1125 2705 ut
1165 2634 1383 2731 gratis
1429 2632 1683 2730 datum
1708 2690 1727 2722 ‚
1765 2650 1942 2734 tuuc
1990 2660 2148 2740 non
2174 2647 2467 2708 tenetur
2500 2630 2628 2701 hic

453 2735 836 2804 restituere
861 2756 948 2808 ex
980 2733 1249 2831 injusta
1284 2734 1713 2832 acceptione
1740 2791 1758 2824 ,
1786 2734 1919 2807 sed
1948 2732 2236 2807 tantum
2275 2755 2361 2805 ex
2389 2756 2471 2802 re
2510 2754 2632 2801 ac·

456 2843 664 2927 cepta
684 2886 702 2919 ,
729 2828 904 2903 cum
932 2832 1220 2904 noverit
1235 2834 1761 2914 mutuatarium
1788 2858 1941 2905 non
1975 2833 2190 2933 gratis
2223 2829 2632 2930 praestasse.·
2660 2843 2669 2850 ’

452 2927 786 3009 Dicimus
820 2926 945 3008 111.
980 2928 1299 3020 Quando
1333 2933 1589 3003 contra
1629 2957 1850 3003 usura
1877 2944 1986 3002 est
2024 2930 2266 3002 solum
2297 2953 2385 3000 ex
2417 2940 2632 3026 parte

454 3025 862 3101 mutuantis
896 3083 915 3117 ‚
960 3052 1049 3100 eo
1100 3026 1305 3124 quod
1354 3030 1841 3101 mutuatarius
1895 3026 2181 3100 dederit
2228 3026 2448 3125 gratis
2476 3079 2499 3109 ,
2553 3037 2633 3095 et:

454 3138 802 3197 mutuans
839 3127 1196 3224 receperit
1230 3138 1313 3199 ut
1352 3129 1673 3226 pretium
1698 3183 1718 3216 ‚
1752 3142 1971 3218 tunc,
2003 3127 2065 3199 si
2098 3125 2382 3200 noverit
2405 3121 2632 3196 illum.

455 3220 860 3304 liberaliter
878 3225 1206 3314 donasse,
1291 3238 1474 3297 otest
1498 3227 1837 3299 retinere.
2339 3225 2344 3230 ’

553 3319 928 3411 Quaeritur
957 3319 1172 3395 11..1n
1265 3320 1455 3394 ubio—
1481 3348 1579 3394 an
1616 3321 2104 3395 mutuatarius
2145 3320 2434 3394 dederit
2486 3318 2640 3392 ali-

460 3418 645 3517 quid
672 3421 859 3508 ultra
888 3435 1157 3492 sortem
1185 3423 1403 3517 gratis
1424 3475 1443 3505 ,
1465 3420 1580 3493 vel
1607 3435 1693 3492 ut
1724 3422 2044 3518 pretium
2069 3421 2306 3492 mutui
2325 3476 2346 3510 ‚
2374 3433 2631 3491 utrum

455 3532 838 3600 mutuator
892 3520 1120 3616 possit
1176 3517 1368 3591 illud
1434 3519 1751 3591 retinere
1785 3517 2146 3591 i¹Certum
2203 3531 2313 3589 est
2344 3573 2366 3604 ‚
2423 3514 2631 3606 licite
2675 3551 2680 3558 ·
2725 3585 2730 3592 .

513 3641 673 3693 osse
709 3630 1169 3688 mutuantem
1203 3616 1536 3715 accipere
1559 3620 1609 3687 Ιὸ
1647 3617 2089 3688 mutuatario
2121 3612 2634 3688 dona-libera-

493 3715 589 3799 ἀ,
634 3712 1027 3786 ut-docent
1072 3738 1325 3787 omnes
1369 3715 1688 3786 cum-D.
1735 3713 1985 3786 Thom‘
2020 3740 2093 3788 2.
2136 3739 2178 3784 2
2213 3725 2453 3811 qua-st.
2494 3716 2621 3809 78.

452 3808 594 3884 a'rt.
635 3837 701 3884 2.
747 3811 866 3882 ad.
902 3811 945 3883 3
983 3811 1061 3882 si
1105 3810 1281 3885 vero
1314 3811 1628 3885 dubium
1664 3813 1758 3885 sit
1783 3867 1803 3898 ,
1841 3829 1937 3883 an
1978 3811 2464 3909 mutuatarius
2497 3810 2634 3882 de-

459 3909 652 3983 derit
686 3910 946 4008 gratiS,
984 3908 1096 3980 vel
1132 3936 1287 3983 non
1335 3910 1368 3983 ἓ
1416 3936 1527 3983 res
1584 3909 2106 3985 ondent·Less;
2140 3908 2190 3981 l.
2231 3934 2278 3980 2
2307 3930 2376 3978 c.
2420 3934 2514 3981 2e
2546 3932 2630 3981 n.

454 4006 578 4100 45.
611 4007 1231 4081 etSalmantzbens.
1260 4035 1325 4083 c.
1352 4008 1395 4081 3
1426 4035 1506 4081 n.
1533 3939 1655 4081 {1-
1693 4006 1935 4109 quod,
1965 4008 2025 4078 si
2048 4021 2399 4078 mutuans
2418 4029 2631 4077 acce·
2687 4035 2690 4036 ⁷

457 4104 654 4212 Perit
676 4125 975 4180 ’munus
1005 4101 1204 4182 bona
1247 4105 1397 4186 fide
1418 4163 1440 4196 ‚
1461 4107 1752 4238 possit·
1770 4107 2360 4204 supemnieme·
2391 4102 2644 4185 dubi&
