2950 4709
685 250 850 344 Gap.
884 252 1004 320 1112
1030 253 1207 322 nuh.
1241 237 1397 322 VII.⁴
1420 252 1522 321 De
1554 247 2025 323 Coun-actibus.
2349 276 2428 345 7²

258 354 572 455 lationis
608 369 993 440 ‘amittatur
1032 370 1295 465 pignus
1324 419 1342 451 ,
1379 364 1514 437 etsi
1559 363 1790 464 pluris
1822 361 2114 440 valeat?
2146 357 2433 466 Negant

170 545 177 549 .
275 454 495 559 Vasq.
540 463 798 553 Paluo,
825 479 898 535 et
927 464 1298 535 Comrruv.
1336 461 1481 535 Sed
1507 462 1990 562 probabiliter
2027 462 2432 537 affirmatur

266 581 433 631 cum
480 561 739 634 Bonae
790 562 998 632 Trull.
1050 561 1271 642 Azor,
1314 562 1487 659 ch.
1531 573 1661 635 etc.
1707 562 1899 661 apud
1927 562 2145 634 Salm.
2192 588 2263 633 η.
2308 564 2432 655 48·-

264 659 466 826 {usta
502 656 700 828 ἆίἓῐα
724 686 795 730 n.
824 658 992 758 766.
1029 657 1159 734 ubi
1197 679 1414 758 poena
1443 658 2017 734 conventionalia
2047 658 2246 734 licita
2283 664 2432 760 jam

296 769 409 828 ult
498 781 581 829 ro
637 771 775 830 ata.
1525 795 1530 802 ’

363 782 940 928 Νξῐαῑιάυωόεῑ
983 868 1269 945 autem,
1303 853 1551 956 quod,
1590 855 1651 928 si
1698 867 2081 930 mutuatur
2124 853 2552 962 accipiat770

264 946 441 1023 loco
465 949 785 1051 pignoris
807 978 960 1026 rem
987 951 1464 1040 fructiferam,
1494 967 1827 1032 teneatur
1857 952 2140 1027 fructus
2170 957 2326 1051 ejus
2356 953 2432 1026 in

128 1067 135 1076 “
267 1062 546 1121 sortem
602 1065 1050 1124 commutare
1083 1076 1104 1142 3
1141 1054 1239 1126 Et
1290 1050 1458 1146 ideo
1507 1065 1856 1154 paetum,
1901 1075 2050 1151 quo
2113 1051 2436 1146 creditor

259 1150 371 1219 uti
410 1149 645 1247 possit
670 1150 976 1249 pignore
1003 1205 1022 1234 ‚
1058 1154 1365 1250 ejusque
1398 1147 1762 1225 fructibus
1800 1149 1942 1222 frui
1972 1205 1989 1236 ,
2026 1149 2263 1223 donec
2300 1148 2437 1221 de-

255 1243 508 1319 bitum
546 1248 908 1337 solvatur,
944 1244 1228 1332 dictum
1255 1247 1743 1323 Antt'chrtireos
1777 1246 2026 1344 (vulgo
2075 1250 2435 1319 Controtto

253 1344 308 1413 ἆ
333 1345 645 1441 godere)
681 1401 700 1433 ‚
747 1348 1237 1420 communiter
1269 1348 1603 1447 rejicitur
1634 1343 1726 1419 de
1761 1371 1835 1420 se
1868 1402 1886 1432 ‚
1949 1348 2256 1446 praeciso
2291 1345 2434 1417 alio

257 1439 505 1532 titulo,
529 1449 906 1543 tamquam
930 1446 1346 1518 usurarium
1371 1475 1389 1516 :
1414 1447 1546 1518 Est
1574 1457 1857 1518 certum
1884 1471 2052 1519 cum
2072 1442 2144 1515 S.
2178 1443 2431 1516 Thom.

251 1564 302 1611 2
368 1564 410 1611 2
463 1568 531 1640 q.
582 1543 674 1640 78
719 1569 792 1615 n.
839 1567 881 1615 2
931 1558 1002 1614 et
1043 1542 1445 1625 commum‘‚·
1492 1546 1748 1615 contra
1790 1543 2105 1615 Dianam
2128 1569 2155 1626 ,·
2195 1542 2366 1656 quia
2411 1595 2435 1628 .

254 1635 437 1710 ciam
475 1663 590 1712 res
637 1636 878 1713 adhilc
926 1656 1299 1714 remaneat
1344 1643 1422 1716 in
1481 1641 1763 1714 domini
1814 1642 2282 1731 mutuataril,
2323 1638 2437 1713 illi

253 1734 851 1826 soli-fructificat,
875 1764 972 1808 ex·
1005 1766 1070 1811 c.
1113 1766 1136 1811 1
1176 1755 1247 1809 et
1274 1765 1315 1810 2
1347 1741 1436 1810 de
1471 1739 1740 1813 Usurtk.
1767 1739 1927 1812 Ιωὸ
1964 1741 2252 1813 'tenetur
2281 1764 2437 1810 mu-

251 1846 511 1907 tuator
553 1835 856 1910 reddere
890 1836 1173 1909 fructus
1215 1837 1381 1911 illos
1407 1894 1425 1928 ,
1523 1864 1651 1913 uos
1692 1841 1820 1911 sua
1861 1836 2079 1937 culpa
2137 1836 2440 1937 negligit

252 1930 637 2030 colligere.
668 1933 859 2006 Vide
890 1934 1105 2007 Salm.
1140 1960 1202 2006 c.
1243 1935 1286 2007 3
1319 1962 1393 2010 n.
1431 1863 1553 2029 ὦ.

357 2032 751 2126 Excipitur
779 2047 1025 2108 tamen
1066 2032 1331 2131 pignus
1372 2060 1507 2132 pro
1539 2031 1709 2105 dote
1735 2033 2097 2201 gromissa
2133 2033 2389 2106 datum
2416 2089 2441 2124 ,

253 2132 478 2227 cujus
527 2130 815 2203 fructus
859 2156 1013 2203 non
1057 2145 1584 2231 computantur
1617 2131 1695 2202 in
1789 2145 1981 2203 otem
2013 2187 2033 2219 ‚
2087 2131 2180 2203 ad
2216 2156 2444 2205 onera

255 2229 713 2303 Matrimonii
745 2229 1172 2302 sustinenda
1200 2289 1216 2319 ,
1253 2243 1338 2301 ut
1371 2231 1587 2302 Cone.
1597 2255 1683 2326 p.
1713 2229 1853 2343 467
1879 2255 1947 2299 n.
1982 2230 2033 2303 6
2055 2246 2131 2301 et
2153 2230 2443 2305 Petroc.

237 2352 327 2422 p.
380 2326 529 2424 389
561 2354 628 2423 q,
671 2352 712 2426 7
765 2353 863 2398 ex
890 2352 952 2399 c.
1004 2321 1420 2418 Salubritem
1459 2328 1550 2397 de
1585 2328 1896 2412 'Usurts,
1931 2325 2059 2399 ubi
2110 2328 2382 2401 dicitur
2415 2357 2444 2398 τ

255 2423 620 2495 Generum
664 2422 1061 2519 adfractus
1081 2424 1615 2522 possesstonem
1644 2482 1665 2516 ‚
1712 2449 1864 2523 quae
1907 2425 2048 2497 sibi
2084 2427 2131 2498 ὰ
2184 2425 2443 2498 Socero

247 2536 428 2594 sunt
469 2547 602 2620 pro
653 2539 1016 2599 numerata
1070 2525 1232 2597 dote
1287 2523 1578 2622 pignori
1628 2523 1942 2621 obligata·
1980 2580 2002 2614 ‚
2051 2524 2124 2596 in
2184 2540 2444 2596 sortem

247 2621 774 2719 computandos
796 2676 815 2710 ‚
856 2647 1000 2694 non
1057 2647 1217 2694 esse
1274 2620 1742 2719 obligandum.
1803 2623 1904 2694 Et
1945 2621 2088 2696 hoc
2150 2623 2381 2695 currit
2419 2678 2441 2714 ‚

245 2718 548 2794 etiamsi
588 2716 875 2791 fructus
915 2720 1239 2822 pignoris
1291 2744 1512 2794 onera
1541 2719 1991 2794 Matrimonii
2037 2721 2443 2807 excedant,

266 2834 272 2838 ·
310 2812 568 2913 qando
600 2817 862 2918 pignus
894 2813 1700 2912 conceditur-absolute
1731 2873 1749 2904 ‚
1782 2830 1855 2890 et
1884 2831 2217 2918 tempore
2244 2876 2265 2906 ,
2295 2817 2450 2917 quo'r

248 2842 397 2988 dos
453 2917 963 2996 constituitur„
1018 2915 1240 2989 Secils
1295 2928 1588 3001 tamen,
1631 2915 1692 2988 si
1741 2915 1956 2989 detur
2015 2916 2303 2990 tantitm
2367 2915 2448 2988 in
2543 2983 2549 2992 ,

250 3012 456 3087 dotis
519 3015 1033 3102 securitatem,
1084 3029 1209 3087 aut
1273 3014 1442 3087 dote
1500 3018 1662 3113 jam·
1714 3015 2163 3105 constitut‘a3
2225 3012 2449 3087 Sechs

252 3110 436 3193 item
470 3166 488 3197 ‚
536 3109 598 3184 si
652 3135 870 3209 gener
942 3137 1169 3187 onera
1220 3114 1667 3186 Matrimonii
1724 3137 1878 3185 non
1923 3112 2305 3202 sustineat.
2347 3110 2455 3188 V.

256 3206 481 3294 Salm.
517 3233 581 3282 c.
627 3210 671 3283 3
708 3235 809 3281 ex
843 3237 919 3284 n.
954 3214 1076 3306 40.
1440 3223 1447 3228 ’
1549 3225 1554 3229 ’
2001 3233 2007 3244 ·

358 3306 771 3386 Dubitatur
822 3333 895 3381 2.
940 3335 1033 3381 an
1077 3310 1306 3412 possit
1336 3311 1412 3382 in
1453 3323 1752 3409 pactum
1789 3308 2107 3398 deduci,
2152 3324 2238 3383 ut
2275 3305 2449 3381 red‘-
2468 3362 2563 3417 77⁷

252 3405 542 3480 dantur
583 3409 622 3479 a
656 3409 1143 3498 mutuatario,
1182 3434 1345 3505 quae
1373 3406 1469 3482 ab
1508 3435 1595 3482 eo
1630 3423 1804 3482 sunt
1843 3406 2091 3480 debita
2118 3465 2139 3494 ,
2175 3405 2328 3479 tion
2366 3432 2455 3481 ex
2554 3443 2560 3448 ·

254 3504 543 3600 iustitia
572 3559 593 3589 ,
634 3505 769 3577 sed
817 3529 907 3577 ex
963 3506 1318 3579 charitate
1346 3563 1365 3595 ‚
1404 3521 1534 3581 aut
1581 3507 1956 3603 Religione
1986 3504 2024 3576 ἒ*
2053 3504 2322 3603 nempe
2371 3517 2456 3577 ut

249 3602 594 3676 Medicus
626 3602 1033 3688 medeatur.
1057 3607 1119 3677 si
1148 3603 1332 3678 alius
1359 3631 1510 3681 non
1536 3604 1760 3679 adsit:
1798 3618 1883 3676 ut
1910 3601 2301 3675 advocatus
2336 3630 2460 3701 pa·-

253 3701 709 3775 trocinetur:
734 3716 819 3774 ut
834 3700 1032 3775 dives
1058 3705 1530 3779 succurratin
1548 3703 1984 3777 necessitate
2006 3702 2226 3800 gravi;
2245 3702 2457 3786 Item,
2567 3757 2574 3776 .

256 3813 348 3873 ut
372 3854 390 3886 ,
446 3801 580 3900 qui
615 3800 807 3874 vonit
836 3799 1358 3875 eleemosinam
1383 3856 1404 3888 ‚
1446 3829 1610 3876 eam
1707 3815 1949 3874 raestet
1983 3827 2002 3872 ε
2042 3814 2126 3873 ut
2159 3799 2459 3873 Missam

258 3924 498 4000 praece
559 3913 708 3973 tam
759 3898 1011 3973 audiat
1055 3915 1196 3974 etc.
1236 3899 1268 3972 ?
1311 3898 1625 3973 Azorius
1716 3928 1795 3999 p.
1836 3899 1883 3974 l.
1921 3897 1969 3973 5
2018 3922 2083 3973 e.
2213 3926 2285 3997 q.
2348 3898 2456 3971 15.

264 3997 449 4073 Bon.
565 4057 585 4073 .
617 3998 667 4072 3
694 4022 770 4097 q.
807 3998 852 4071 3
877 4024 951 4071 n.
995 4025 1062 4098 7.
1114 3999 1293 4073 item
1328 3997 1769 4071 consulas.
1803 4053 1820 4084 ‚
1873 3998 2081 4070 Trull.
2189 4022 2296 4093 eg.
2332 4010 2462 4070 etc.

268 4096 702 4196 apudsalm.
732 4123 804 4177 c.
845 4096 890 4171 3
927 4122 1000 4169 n.
1036 4096 1161 4174 55.
1198 4112 1468 4197 negant
1506 4093 1589 4171 id
1641 4121 1856 4202 posue
1896 4097 2053 4171 fieri
2097 4092 2253 4170 sine
2301 4094 2469 4170 labe

648 4388 693 4428 l
