2950 4709
733 293 894 384 Cap.
927 292 1043 361 111.
1075 292 1253 359 nub.
1287 292 1372 359 Π.
1404 291 1508 360 De
1538 289 2010 360 contractibus.
2373 290 2459 358 25

291 402 600 505 explicat
653 404 964 499 Glossa)
995 402 1091 492 id¹
1116 406 1681 504 intelligendum
1715 463 1734 494 ‚
1772 431 1941 492 cum
1980 402 2282 476 donatio
2329 428 2462 475 ac-

288 518 569 604 ceptata
606 502 826 577 fuerit
867 531 992 604 per
1019 504 1432 606 Epistulam
1461 562 1482 596 ‚
1521 519 1647 578 aut
1677 504 2045 577 Nuntium
2075 559 2095 593 ‚
2136 516 2260 576 aut
2287 502 2464 574 Ser-

283 627 459 674 vum
493 657 514 689 ,
542 616 627 675 ut
661 597 974 677 habetur
1003 604 1082 675 in
1116 604 1160 676 l.
1203 601 1566 704 Sialiquid
1595 604 1676 677 13
1677 607 1775 698 ff
1800 602 1887 673 de
1918 603 2109 674 Don.
2141 602 2191 674 l.
2219 601 2462 672 Etiam

277 727 409 798 per
432 700 915 798 interpositam
949 703 992 795 4
1029 703 1108 774 C.
1143 702 1298 775 eod.
1325 702 1427 773 tit.
1463 701 1599 774 etl.
1637 715 1752 775 czt.
1770 699 2180 773 Absentem.
2203 698 2462 797 Neque

287 797 593 872 demum
633 798 877 872 obstat
914 803 1032 899 jus
1076 800 1536 874 Canonicum
1560 799 1638 872 in
1660 827 1723 872 c.
1759 796 2069 900 Qualiter
2091 854 2111 888 ,
2140 799 2228 900 df
2259 798 2465 869 Pac-

285 897 375 969 tis
402 954 422 988 ‚
459 913 536 969 et
564 924 631 970 c.
670 896 755 970 Si
778 898 906 969 tibi
922 897 1239 987 absenti,
1276 898 1365 972 de
1391 896 1763 970 Proebend.
1803 923 1876 970 n.
1922 896 1972 969 6
2005 922 2172 969 nam
2208 897 2280 968 in
2323 895 2469 995 pri-

286 1021 408 1068 mo
446 1009 647 1069 textu
707 994 994 1068 tantum
1042 995 1322 1069 dicitur
1355 1053 1375 1087 ‚
1474 995 1624 1070 uod
1675 995 1973 1068 donatio
2012 1021 2141 1095 per
2177 996 2467 1067 nudum

290 1108 596 1194 pactum
624 1109 904 1180 teneat,
971 1095 1253 1170 etiamsi
1308 1094 1438 1167 nul
1480 1122 1517 1166 a
1577 1093 1988 1168 interfuerit
2041 1091 2419 1193 stipulatio
2446 1148 2466 1183 ,
2566 1171 2571 1178 ,

347 1193 500 1267 uod
553 1194 806 1290 negari
856 1219 1007 1265 non
1057 1207 1348 1291 potest:
1385 1192 1531 1267 Sed
1578 1191 1681 1265 ibi
1723 1191 2018 1265 nullum
2046 1193 2130 1266 fit
2164 1189 2472 1264 verbum

292 1220 385 1364 de
416 1290 816 1368 donatione
838 1307 989 1364 non
1017 1318 1185 1366 acce
1245 1306 1408 1365 tata.
1442 1292 1530 1364 In
1560 1292 1789 1364 altero
1816 1308 2062 1364 autem
2092 1305 2288 1363 textu
2321 1290 2472 1386 agi-

292 1403 419 1462 tur
447 1390 541 1463 de
570 1390 984 1476 Beneficiis,
1012 1389 1139 1463 uhi
1172 1320 1468 1475 dicitur,
1508 1390 1731 1490 quod,
1764 1390 1823 1462 si
1851 1391 2268 1490 Episcopus
2297 1415 2475 1460 con·
2573 1387 2578 1392 ’

291 1488 783 1563 feratClerico
807 1487 1090 1564 absenti
1103 1489 1408 1588 aliquod
1425 1489 1900 1574 Beneficium,
1919 1491 2110 1589 ipsoi
2169 1502 2472 1560 not-ante

296 1601 627 1687 nequeat
653 1588 1120 1661 collationem
1142 1613 1482 1663 revocare
1507 1613 1528 1677 ;
1552 1587 1682 1660 sed
1712 1585 1850 1660 alia
1879 1602 1988 1661 est
2017 1585 2134 1660 col
2168 1586 2311 1659 atio
2333 1586 2473 1658 Be-

295 1685 741 1766 neficiorum
776 1742 794 1774 ‚
849 1687 1042 1759 circa
1076 1713 1257 1787 ,quae
1302 1688 1365 1760 E
1426 1687 1718 1784 iscopus
1777 1685 1997 1759 aliam
2049 1710 2195 1758 non
2248 1683 2478 1757 habet

294 1783 729 1858 facultatem
752 1842 776 1872 ,
810 1788 1031 1884 ‘quam
1075 1811 1160 1858 ea
1197 1714 1626 1858 conferendi
1654 1840 1673 1869 ‚
1715 1800 1789 1857 et
1822 1783 1985 1857 ideo
2016 1784 2201 1856 facta
2234 1783 2477 1855 colla-

297 1884 508 1955 tione
538 1938 557 1969 ‚
600 1884 862 1982 nequit
895 1884 1131 1983 ipsam
1185 1909 1523 1957 revocare
1558 1913 1577 1955 =
1608 1883 1747 1956 alia
1785 1880 1951 1956 vero
1982 1899 2093 1957 est
2122 1882 2421 1955 donatio
2451 1936 2471 1971 ,

300 2007 474 2080 quae
509 1980 797 2054 nullam
854 1981 1079 2055 habet
1125 1981 1271 2054 vim
1330 1981 1499 2056 ante
1560 1983 2155 2097 acceptationem.
2187 1978 2476 2053 Adver-

298 2079 621 2152 tendum
649 2092 893 2153 tamen
922 2107 1093 2152 cum
1123 2077 1485 2152 Sanch.de
1515 2082 1832 2152 Matr-tm.
1861 2080 1903 2150 l.
1954 2077 1982 2152 ι’
2011 2082 2110 2150 D.
2137 2080 2186 2151 6
2213 2106 2286 2150 n.
2318 2106 2428 2150 11.
2452 2130 2477 2164 ,

304 2192 379 2250 et
415 2179 491 2249 V
482 2177 653 2248 illel.
680 2177 781 2250 D.
815 2179 882 2251 3.
919 2205 993 2251 n.
1030 2180 1073 2271 4
1102 2173 1303 2277 quod
1335 2233 1353 2262 ‚
1384 2177 1446 2249 si
1495 2177 1792 2250 donatio
1819 2178 2003 2249 facta
2045 2179 2135 2249 sit
2161 2175 2479 2248 [nfanti-

300 2274 711 2366 buS‚valeat
730 2277 883 2375 ipsa
908 2277 1118 2349 etiam
1137 2273 1305 2349 ante
1324 2272 2480 2372 acceptationemDonatarii‚quia

303 2400 441 2474 pro
456 2372 874 2447 Infantibus
895 2373 1009 2445 lex
1041 2377 1192 2474 ipsa
1217 2388 1574 2473 acceptat.
1602 2374 1958 2474 Idemque
1984 2373 2256 2447 docent
2271 2373 2476 2444 Less.

307 2500 370 2544 c.
419 2474 530 2544 18.
570 2499 644 2543 n.
674 2473 792 2546 36.
829 2472 1157 2570 etLaym.
1185 2499 1250 2546 c.
1301 2498 1358 2547 1.
1393 2498 1469 2543 n.
1504 2499 1569 2547 2.
1599 2473 1691 2546 de
1730 2473 2122 2547 donatione
2152 2472 2338 2545 facta
2362 2470 2481 2545 Ci-

307 2571 515 2646 vitati
555 2569 652 2642 ad
674 2570 978 2644 aedificia
1003 2570 1428 2669 reparanda.
1647 2572 1650 2576 ’

402 2667 553 2743 Sed
583 2693 808 2768 quaer.
848 2696 904 2741 1.
926 2666 1173 2745 utrum
1201 2667 1499 2743 donatio
1517 2669 1700 2743 facta
1726 2668 1819 2743 ad
1856 2671 2007 2770 pias
2046 2696 2297 2742 causas
2314 2665 2480 2741 ante
2500 2694 2606 2765 με

310 2767 895 2866 acceptationem
922 2766 1207 2844 valeat?
1233 2768 1618 2841 Affirmant
1646 2769 1854 2843 Less.
1887 2773 1998 2842 loc
2030 2790 2093 2841 c,
2126 2783 2195 2839 et
2230 2767 2486 2867 proba-

308 2864 465 2939 bile
496 2878 719 2978 putat
747 2863 1071 2938 Busemb.
1115 2881 1423 2960 utsupra
1458 2892 1614 2940 cum
1651 2866 1873 2967 Laym
1908 2867 2234 2939 etDiana
2263 2922 2277 2936 .
2309 2867 2487 2938 item

311 2964 579 3036 Molm.
628 2961 852 3034 F'elin.
879 2978 1007 3034 etc.
1036 2964 1233 3059 apud
1256 2964 1462 3037 Sanc.
1494 2964 1582 3034 de
1608 2965 1834 3037 Matr.
1864 2966 1910 3037 l.
1953 2992 1975 3037 ι
1995 3020 2010 3037 .
2040 2965 2137 3037 D.
2166 2962 2215 3035 6
2239 2988 2311 3035 n.
2375 2961 2482 3035 16.

312 3061 526 3135 Ratio
563 3062 869 3134 istorum
906 3117 925 3145 ,
978 3062 1147 3159 quia
1179 3065 1584 3161 acceptatio
1626 3064 2022 3163 requiritur
2070 3060 2356 3134 tantum
2397 3060 2489 3131 de

307 3164 480 3261 jure
512 3159 828 3259 positivo
860 3214 879 3250 ‚
915 3173 989 3231 et
1016 3158 1211 3231 civili
1265 3184 1283 3250 ;
1328 3186 1475 3234 non
1507 3176 1754 3234 autem
1796 3163 1888 3235 de
1929 3166 2089 3259 jure
2114 3158 2432 3232 naturali
2468 3213 2490 3244 ,

315 3273 390 3331 et
437 3258 849 3331 Canonico.
887 3256 1030 3330 Sed
1075 3255 1537 3357 probabilius
1575 3277 1842 3359 negant
1885 3257 2145 3332 Sanch.
2191 3260 2327 3329 loc.
2378 3257 2491 3327 cit.

314 3358 682 3431 cum'Cov.
729 3382 816 3428 ac
842 3354 1056 3432 Salm.
1103 3383 1163 3429 c.
1204 3360 1251 3449 4
1284 3382 1474 3431 num.
1535 3357 1659 3456 69.
1705 3385 1861 3430 cum
1902 3356 2062 3448 Pal.
2120 3353 2279 3429 Vill.
2309 3353 2489 3427 Reb.

318 3471 449 3527 etc.
495 3454 706 3542 Ratio
731 3508 751 3540 ‚
795 3455 962 3553 quia
999 3450 1090 3525 ad
1143 3453 1615 3529 donationem
1658 3456 1750 3534 de
1787 3458 1944 3555 ipso
1971 3460 2126 3551 jure
2161 3467 2442 3525 naturae
2470 3507 2491 3537 ‚

320 3567 406 3626 ut
438 3578 611 3625 mox
645 3551 929 3624 dictum
965 3564 1072 3624 est
1112 3556 1331 3666 supra
1363 3608 1380 3637 ‚
1417 3555 1822 3655 requiritur
1850 3541 2252 3648 acceptatio
2278 3609 2300 3638 ,
2335 3549 2497 3623 sine

323 3677 474 3751 qua
501 3649 710 3723 nulla
744 3650 945 3722 adest
989 3649 1306 3725 donatio.
1342 3652 1567 3725 Sechs
1598 3649 1769 3724 vero
1802 3649 2231 3733 dicendum,
2271 3650 2329 3721 si
2359 3646 2500 3718 do-

322 3752 526 3823 natio
558 3750 651 3821 sit
670 3748 736 3821 fa
746 3764 857 3821 cta
872 3749 1053 3835 De0,
1074 3749 1454 3822 videlicet:
1482 3749 1826 3821 Promt'tto
1840 3750 2157 3834 Deosme
2181 3750 2501 3819 daturum

322 3849 454 3919 tali
473 3846 853 3937 Ecclesm,
879 3863 1003 3919 etc.
1044 3849 1264 3940 Quia,
1302 3874 1471 3919 cum
1507 3847 1816 3921 intentio
1849 3847 2119 3920 feratur
2148 3848 2222 3918 in
2260 3848 2503 3918 Deum

325 3959 504 4020 tunc
543 3944 852 4018 donatio
898 3944 1087 4019 valet
1121 3960 1201 4019 ut
1238 3961 1492 4018 votum
1523 4002 1541 4034 ‚
1589 3944 1812 4042 proiit
1839 3946 2099 4019 dicunt
2124 3940 2454 4026 Sana-hez
2480 3996 2501 4030 ,

327 4060 396 4115 et
418 4045 640 4118 Salm.
687 4046 858 4116 cum'
883 4042 1065 4140 Sylm
1101 4045 1272 4117 Ros.
1324 4044 1512 4142 Aug.
1566 4059 1693 4128 ete.
1722 4044 1886 4117 Non
1920 4057 2163 4140 autem
2189 4094 2208 4125 ‚
2239 4040 2297 4112 si
2322 4063 2512 4137 pro-2

325 4145 578 4222 missio
630 4139 1056 4218 immediate
1109 4144 1204 4220 sit
1258 4140 1452 4216 facta
1511 4140 1882 4222 Ecclesiae.
1931 4142 2208 4219 No'tant
2257 4152 2505 4213 tamen
