2950 4709
613 284 778 379 Cap.
808 286 924 356 111.
955 286 1132 357 Dub.
1166 283 1284 354 XI.
1318 288 1418 354 De
1448 284 1921 380 Contractibm.
2218 240 2347 360 135⁴

195 396 486 473 Notario
507 456 529 488 ,
576 414 650 474 et
682 399 1013 494 testibus.
1045 398 1189 474 Sed
1220 385 1344 471 hi‘e
1374 397 1723 497 quaeritur
1765 425 1821 470 1.
1854 425 1947 470 an
1981 395 2136 473 baec
2174 423 2349 474 cou-

197 492 366 569 ditio
399 522 551 571 non
588 497 864 597 obliget
896 500 972 570 in
1002 497 1164 572 soro
1192 498 1525 586 interno,
1553 496 1648 568 ita
1683 509 1765 568 ut
1796 495 2013 569 liceat
2033 497 2111 569 in
2157 525 2350 571 con-

194 595 484 667 scientia
520 599 960 670 constituere
993 621 1298 673 censum
1339 620 1428 666 ex
1475 595 1789 693 pecunia
1832 594 2346 672 antecedenter

197 690 428 770 debita
452 692 485 766 ἲ
507 695 897 769 Affirmant
921 691 1132 769 Less.
1159 693 1213 767 l.
1249 721 1293 767 ει
1318 720 1379 765 c.
1411 718 1501 765 22
1529 719 1606 763 n.
1643 697 1760 767 80.
1792 692 1989 777 Nau,
2018 692 2104 764 de
2133 694 2345 768 Usur.

194 815 257 862 n.
293 792 410 866 88.
451 792 670 866 Dian.
698 819 774 889 p.
836 815 861 865 1
903 808 1102 867 tract.
1152 793 1199 865 8
1250 792 1345 863 R.
1380 791 1500 884 44.
1539 815 1693 861 cum
1729 791 2020 887 Megala
2054 845 2074 877 ,
2110 792 2344 867 Mald.

200 887 269 962 V
259 890 345 961 al.
381 888 518 963 Jo.
551 891 641 963 de
670 890 744 964 Ia
776 893 971 963 Crux
999 945 1017 975 ‚
1053 906 1181 963 etc.
1218 903 1292 961 et
1326 886 1710 987 probabile
1741 903 1952 1011 putat
1986 888 2056 962 T
2047 886 2230 960 amb.
2258 889 2347 986 de

198 986 424 1059 Contr.
458 989 514 1060 Ι.
535 1014 586 1088 9
610 1004 693 1058 tr.
725 1015 765 1062 2
796 1016 859 1063 c.
895 988 944 1061 6
963 988 1026 1086 ἓ.
1065 1012 1108 1061 2
1134 1014 1204 1059 n.
1244 987 1316 1082 4.
1346 985 1580 1085 Negat
1608 1012 1776 1060 vero
1802 987 1966 1058 Pal.
1994 1002 2087 1058 tr.
2125 986 2217 1058 33
2245 989 2341 1058 D.

192 1082 234 1158 5
252 1110 321 1179 p.
360 1086 450 1160 16
470 1113 547 1157 nx.
575 1089 644 1160 8.
674 1112 843 1160 cum
862 1084 1047 1157 Med
1076 1085 1230 1182 Lop
1251 1098 1379 1157 etc.
1413 1083 1592 1158 item
1618 1085 1799 1155 Mol.
1833 1085 1927 1157 D.
1958 1084 2343 1183 390.th
2450 1161 2457 1168 ,

189 1180 275 1255 D.
293 1206 379 1281 27
392 1210 465 1257 n.
483 1184 608 1256 83.
627 1211 782 1258 cum
797 1183 1039 1257 Salon.
1057 1181 1233 1258 Reb.
1253 1195 1328 1255 et
1340 1182 1504 1257 aliis
1522 1181 1881 1281 pluribus
1894 1184 2125 1272 Ratio,
2195 1184 2345 1271 uia,

193 1277 349 1352 cum
386 1278 607 1355 Bulla
654 1284 751 1355 sit
784 1279 976 1380 juste
1025 1283 1422 1356 constituta
1470 1279 1564 1353 ad
1607 1280 1941 1356 vitandas
1990 1280 2149 1354 frau
2206 1305 2283 1354 es
2320 1336 2341 1370 ,

189 1377 246 1449 si
296 1378 367 1450 in
432 1379 688 1479 aliquo
744 1408 914 1455 casu
970 1379 1394 1480 particulari
1464 1393 1696 1452 cesset
1747 1379 1947 1454 fraus
2013 1378 2167 1452 sive
2227 1380 2346 1452 in-

191 1477 449 1572 justitia
477 1535 497 1567 ‚
540 1503 693 1552 non
732 1493 966 1570 cessat
998 1494 1243 1552 tamen
1274 1484 1430 1577 ejus
1467 1476 1913 1576 periculum.
1953 1478 2131 1550 Haec
2169 1478 2347 1592 qui-

188 1570 341 1648 dem
401 1576 733 1651 secunda
788 1577 1145 1674 sententia
1191 1591 1300 1650 est
1364 1573 1819 1676 probabilior
1849 1632 1870 1666 ,
1927 1575 2057 1648 sed
2105 1601 2344 1675 prima

188 1696 326 1746 non
361 1673 654 1747 videtur
676 1673 1211 1774 improbabilia,
1241 1701 1412 1749 casu
1439 1700 1591 1774 quo
1629 1672 1930 1750 omnino
1957 1674 2239 1747 abesset
2261 1674 2345 1750 in

186 1796 342 1844 casu
373 1769 812 1885 particulari
851 1775 1047 1846 fraus
1094 1784 1220 1846 aut
1257 1773 1614 1870 injustitia
1648 1801 1663 1844 :
1699 1772 1907 1846 Licet
1936 1773 2132 1864 enim
2163 1799 2344 1870 pro-

185 1863 488 1943 babilius
519 1872 615 1943 sit
644 1872 915 1970 Legem
953 1897 1106 1945 non
1148 1895 1466 1961 cessare,
1510 1886 1836 1945 cessante
1868 1873 2014 1943 fine
2054 1870 2233 1970 legis
2262 1872 2342 1962 in

184 1991 342 2039 casu
375 1968 854 2083 particulari,
897 1970 1258 2044 contraria
1288 1984 1530 2042 tamen
1567 1968 1813 2044 adhuc
1845 1967 2136 2042 videtur
2170 1995 2341 2070 pro-3

185 2057 433 2139 babilis
481 2093 658 2140 cum
695 2068 846 2161 Cas.
892 2066 943 2140 S
990 2068 1077 2140 lv.
1130 2068 1317 2166 Ang.
1381 2068 1536 2140 Val.
1582 2070 1884 2141 Carden.
1921 2065 2059 2155 Sa,
2106 2068 2178 2137 V
2171 2068 2280 2137 ἱνα
2318 2122 2343 2161 ‚

183 2159 389 2240 Salm.
422 2178 499 2239 et
533 2164 699 2238 aliis
737 2094 1113 2262 plu-ribus,
1142 2179 1224 2239 ut
1255 2165 1569 2239 diximus
1600 2164 1644 2236 l.
1694 2193 1716 2238 1
1759 2192 1833 2237 n.
1891 2192 1913 2237 1
2031 2216 2050 2234 .
2086 2166 2160 2236 Si
2206 2190 2344 2237 au-

189 2270 322 2333 tem
351 2265 383 2352 (
412 2260 796 2363 loquendo
827 2261 905 2337 in
938 2291 1111 2340 casu
1143 2270 1454 2357 nostro)
1486 2259 1808 2338 venditio
1837 2189 2340 2361 refflugiferae

186 2381 306 2472 per
340 2362 734 2461 pecuniam
771 2360 1123 2435 creditam
1154 2360 1352 2454 certe
1389 2363 1485 2436 sit
1540 2359 1778 2437 valida
1819 2375 1894 2435 et
1938 2366 2123 2460 justa
2154 2419 2171 2451 ,
2208 2385 2344 2435 cur

184 2462 435 2554 injusta
455 2460 830 2535 censenda
845 2475 1029 2535 esset
1052 2459 1373 2534 venditio
1403 2459 1664 2534 census
1690 2458 1936 2546 realis,
1963 2485 2124 2560 quae
2154 2486 2338 2559 prof·

187 2554 297 2627 cul
354 2557 588 2632 dubio
645 2581 816 2632 vera
874 2558 1202 2633 conditio
1257 2573 1409 2656 est,
1450 2556 1633 2632 cum
1676 2558 2038 2646 vendatur
2074 2562 2192 2658 jus
2241 2557 2343 2654 ad

187 2651 448 2731 fructus
478 2655 698 2731 fundi
732 2713 752 2746 ,
795 2656 871 2729 in
955 2680 1050 2733 uo
1082 2684 1346 2740 census
1370 2654 1878 2746 constituitur,
1911 2670 1991 2729 ut
2020 2654 2208 2729 bene
2235 2684 2344 2729 ar-

186 2754 329 2845 guit
357 2753 549 2854 Lago
577 2755 630 2827 l.
662 2753 778 2829 εἶτ.
809 2782 885 2828 n.
975 2783 1043 2830 o.
1075 2780 1230 2827 cum
1260 2755 1407 2829 Sol.
1446 2752 1659 2827 Salas
1683 2808 1702 2843 ,
1738 2754 1850 2925 ηιξ
1868 2753 2341 2856 probandum

192 2848 372 2947 quod
410 2856 578 2952 jure
620 2852 934 2952 naturali
969 2851 1272 2928 minime
1303 2853 1397 2927 sit
1428 2850 1732 2926 illicitus
1770 2880 1809 2927 c
1856 2879 2030 2925 usus
2059 2856 2342 2928 consti-
2400 2853 2409 2858 ’

191 2957 364 3023 tutus
392 2977 481 3025 ex
515 2951 830 3052 pecunia
877 2951 1180 3027 credita.
1214 2951 1580 3045 Quaeritur
1616 2951 1740 3025 hic
1773 2978 1836 3025 2.
1871 2949 2119 3024 utrum
2156 2976 2344 3023 ven-

200 3039 364 3121 ditor
404 3048 673 3123 census
705 3105 724 3136 ,
762 3049 824 3122 si
874 3052 967 3124 sit
1015 3049 1233 3123 laesus
1285 3050 1361 3123 in
1414 3049 1693 3149 pretio,
1731 3051 1961 3149 possit
2008 3049 2343 3124 minuere

200 3146 603 3238 pensionem
635 3202 654 3235 ,
696 3163 825 3222 aut
862 3150 1094 3250 ipsam
1123 3148 1482 3247 integram
1524 3162 1859 3222 teneatur
1898 3147 2176 3222 solvere
2205 3204 2224 3233 ,
2264 3163 2343 3221 et

200 3244 486 3318 censitor
530 3260 869 3320 teneatur
908 3245 1251 3347 supplere
1334 3246 1659 3320 retium?
1688 3247 2015 3348 Utraque
2046 3246 2341 3322 videtur

197 3339 610 3435 probabilis.
639 3346 833 3418 Vide
870 3347 943 3417 V
934 3347 1047 3418 ἱνα
1070 3344 1159 3418 ib.
1184 3371 1256 3418 n.
1279 3274 1362 3420 ἓ.

275 3437 391 3514 ΙΙΙ.
436 3444 547 3516 Ut
588 3441 860 3516 solutio
919 3442 1291 3544 pensionis
1331 3468 1482 3516 non
1539 3444 1665 3517 fiat
1720 3440 2112 3541 anticipafe
2142 3495 2163 3528 ,
2209 3452 2340 3514 aut

193 3531 283 3606 sic
310 3536 379 3610 in
412 3553 716 3642 pactum
750 3540 1183 3616 deducatur.
1212 3540 1706 3615 Probabiliter
1733 3555 1977 3614 tamen
2008 3538 2108 3612 ait
2147 3538 2336 3612 Bon.

193 3629 270 3701 de
298 3652 503 3710 contr.
533 3640 631 3713 D.
663 3638 706 3715 3
741 3666 811 3738 q.
849 3641 896 3734 4
918 3668 1000 3740 p.
1032 3663 1150 3711 un.
1177 3664 1252 3713 n.
1287 3640 1405 3716 26.
1435 3651 1594 3713 cum
1625 3640 1806 3712 Mol.
1843 3638 1945 3709 D.
1969 3636 2141 3735 390.
2167 3636 2337 3713 Fill.

197 3725 354 3804 Reb.
401 3734 660 3826 Salas,
691 3731 900 3813 LesS.
948 3738 1092 3812 ΑΖ.
1137 3754 1210 3810 et
1244 3736 1490 3832 Salon.
1526 3735 1766 3836 quod,
1807 3736 1867 3809 si
1906 3735 2339 3809 censuarius

199 3830 431 3922 sponte
462 3833 683 3907 vellet
721 3834 1001 3909 solvere
1036 3835 1459 3936 anticipate,
1489 3833 1638 3908 hoc
1666 3860 1820 3907 non
1859 3832 2351 3934 prohibeatur„

207 3944 281 3994 ex
305 3928 535 4006 Bulla.
557 3932 910 4009 Illicitum
943 3947 1055 4007 est
1092 3949 1337 4008 autem
1373 3932 1697 4031 obligare
1729 3933 2223 4027 Censuarimn
2247 3930 2344 4005 ad

214 4020 609 4102 solvendam
657 4033 1079 4129 pensionem
1128 4034 1277 4118 suis
1318 4058 1404 4105 ex
1481 4033 1653 4106 ,nsis
1692 4032 1783 4104 in.
1815 4030 2036 4130 domo
2080 4030 2343 4128 Censi-

213 4122 396 4214 toris,
428 4129 606 4230 quia
640 4128 783 4207 hoc
822 4157 1010 4212 onus
1042 4133 1230 4209 esset
1260 4144 1417 4206 extr
1502 4144 1842 4215 naturam
1875 4126 2292 4207 contractus
2325 4183 2354 4229 ¹,-
