2950 4709
500 159 629 249 296
731 160 813 255 1..
842 154 958 229 111.
992 158 1209 231 ruet.
1243 157 1362 229 v1.
1393 160 1495 228 ne
1532 158 1684 227 oa.
1724 122 1928 227 rrae.
1959 176 2024 227 et
2052 112 2248 227 Praee'.
2276 143 2455 226 Eoos.

498 273 844 374 respiciat
877 298 999 347 eos
1035 328 1053 359 ,
1091 274 1223 374 qui
1252 268 1578 372 g'audent
1601 271 1819 345 Bulla
1849 272 2230 348 Cruciatae.
2263 271 2432 344 VII.
2470 264 2679 369 quod

499 371 852 472 praedicta
888 372 1036 444 duo
1070 387 1428 473 proecepta
1471 385 1779 469 urgeant
1824 368 2085 442 diebus
2114 370 2418 468 jejunii,
2444 369 2681 441 'etiam

498 474 705 543 extra
755 468 1622 567 Quadragesimam.·Hic
1679 483 1925 542 autem
1978 468 2433 556 notandum,
2469 464 2681 565 quod

500 567 904 667 dispensati
941 569 1034 640 ad
1066 594 1325 644 carnes
1348 566 1658 641 minime
1703 564 2238 682 prohibeantur
2268 565 2687 639 secundam

499 667 1030 739 comestionem
1067 669 1303 741 facere
1328 724 1346 754 ,
1382 669 1444 740 si
1477 667 1626 739 sint
1655 666 2058 766 dispensati
2089 663 2185 736 ob
2218 662 2684 737 debilitatem

495 765 769 837 virium
800 822 820 854 ‚
858 776 941 837 ut
965 768 1181 838 Salm.
1215 790 1369 864 cap.
1410 793 1452 838 2
1492 792 1563 836 n.
1611 763 1704 837 26
1728 790 1897 836 cum
1933 760 2271 860 Wzkandt
2348 766 2450 836 Et
2480 760 2685 835 idem

411 872 428 879 '
499 860 922 936 declaratur
955 862 1032 935 in
1065 863 1396 964 Epistola
1424 864 1657 937 nostri
1680 861 1966 935 Summi
1993 862 2372 934 Pontificis
2390 859 2674 950 verbis,

498 974 588 1033 ut
621 967 844 1059 supra
882 990 898 1034 ε
938 961 1341 1035 Dummodo
1385 963 1576 1033 nulla
1603 976 1795 1033 certa
1826 1016 1845 1046 ‚
1891 976 1967 1032 et
1987 961 2383 1057 periculosa
2409 962 2673 1053 affecta

503 1057 917 1132 valetudinis
946 1059 1124 1131 ratio
1150 1059 1532 1133 intercedat
1545 1115 1565 1145 ‚
1599 1076 1734 1134 etc.
1781 1057 2052 1133 Scribit
2081 1073 2324 1130 autem
2360 1057 2679 1153 Angelus

499 1156 873 1253 Franzoja
898 1158 1011 1230 lib.
1055 1157 1100 1231 3
1128 1173 1217 1231 tr.
1245 1159 1295 1231 6
1323 1185 1457 1256 cap
1525 1158 1593 1230 3.
1620 1158 1957 1229 Animad.
1997 1157 2106 1227 ΙΙ.
2153 1183 2216 1229 ν.
2266 1155 2374 1225 At
2397 1154 2517 1224 hic
2547 1170 2684 1227 etc·

503 1253 712 1354 quod
738 1252 1199 1356 dispensatus
1227 1256 1323 1328 ad
1348 1281 1607 1329 carues
1637 1312 1654 1343 ‚
1682 1259 1741 1329 si
1766 1254 2232 1355 pulmentum
2263 1251 2690 1351 vulgo-Mi·-

502 1366 760 1438 nestra,
788 1381 869 1426 ca
880 1356 1038 1425 rniu
1052 1380 1117 1423 m
1141 1358 1300 1452 jure
1316 1369 1608 1427 coctum
1641 1353 1997 1441 comedat,
2019 1352 2220 1427 licite
2239 1356 2433 1423 vesci
2451 1351 2690 1449 possit

508 1476 664 1524 non
721 1453 1006 1525 tantum
1060 1453 1449 1525 lacticiniis
1477 1508 1495 1536 ,
1551 1466 1625 1524 et
1671 1455 1818 1523 ovis
1845 1507 1862 1535 ,
1902 1452 2031 1523 sed
2072 1453 2286 1524 etiam
2324 1447 2695 1548 piscibus.
2736 1526 2749 1537 ,

504 1540 750 1632 Ratio,
783 1566 866 1622 ut
897 1565 1077 1649 puto
1103 1607 1124 1635 ‚
1152 1552 1322 1651 quia
1354 1549 1753 1651 prohibitio
1780 1550 2155 1623 Pontificis
2183 1576 2337 1620 non
2369 1550 2695 1619 miscen-

509 1646 588 1718 di
634 1662 889 1722 carues
930 1662 1003 1720 et
1055 1651 1326 1747 pisces,
1370 1648 1618 1721 stricte
1679 1647 2154 1744 intelligenda
2220 1660 2370 1729 est,
2407 1644 2687 1743 nempe

508 1768 684 1818 cum
742 1747 1153 1819 comeditur
1209 1744 1506 1847 proprie
1559 1747 1926 1819 ferculum
1980 1747 2357 1819 carnium:
2399 1743 2531 1815 sed
2571 1747 2688 1840 jus

509 1843 848 2016 {mgnum
880 1900 900 1931 ‚
935 1845 1165 1944 magis
1215 1851 1438 1946 quam
1491 1844 1763 1932 edulii,
1813 1845 2271 1918 condimenti
2320 1843 2689 1915 rationem

575 1968 614 2014 a
673 1954 768 2015 et.
881 1984 885 1989 ’
1119 1960 1126 1967 ·
1357 1992 1376 2009 .

612 2042 982 2134 Quoeritur
1019 2041 1143 2116 bic
1164 2098 1183 2128 ‚
1233 2068 1327 2115 au
1360 2041 1759 2141 dispensati
1793 2041 1887 2114 ad
1921 2066 2174 2115 carnes
2203 2040 2491 2140 possint
2524 2037 2691 2112 sine

509 2136 820 2213 laesione
878 2141 1133 2238 jejunii
1183 2141 1403 2214 edere
1453 2166 1710 2214 carnes
1760 2166 1909 2213 non
1959 2139 2288 2212 salubres
2336 2197 2355 2230 ,
2416 2137 2689 2238 nempe

514 2240 857 2339 porcinas
877 2294 896 2324 ‚
922 2253 987 2312 et
1020 2237 1348 2313 similes?
1373 2239 1761 2313 Affirmant
1798 2237 2399 2313 communissime
2421 2238 2587 2311 DD:
2618 2251 2690 2310 et

518 2334 825 2437 quidem
859 2335 1379 2437 probabiliter,
1412 2352 1568 2410 tum
1607 2339 1774 2438 quia
1813 2330 2106 2410 licentia
2137 2336 2233 2408 ad
2270 2362 2525 2409 carnes
2564 2361 2690 2432 ge·

517 2434 870 2508 neraliter
901 2437 1290 2536 impertita,
1318 2461 1470 2508 non
1495 2449 1604 2509 est
1627 2434 2127 2534 restringenda
2153 2433 2246 2510 ad
2274 2433 2466 2531 solas
2493 2435 2692 2507 salu-

442 2584 449 2591 ·
517 2531 722 2622 bres,
755 2546 907 2604 tum
940 2537 1109 2634 quia
1144 2534 1318 2607 alias
1355 2534 1468 2607 dis
1568 2536 1754 2607 usati
1782 2532 2122 2634 pluribus
2147 2531 2694 2629 subjicerentur

520 2629 935 2729 scrupulis,
971 2658 1121 2704 non
1171 2631 1337 2706 raro
1381 2631 1479 2707 du
1540 2631 1791 2706 itando
1820 2692 1836 2718 ,
1872 2657 2230 2731 quaenam
2260 2655 2513 2704 carnes
2547 2658 2694 2702 no-

519 2744 736 2801 ceant
767 2784 785 2813 ‚
847 2728 957 2802 vel
1017 2732 1322 2830 prosint.
1357 2731 1466 2804 Ita
1503 2731 1694 2829 Lago
1733 2732 1822 2803 de
1849 2732 2044 2809 Just,
2074 2730 2168 2800 D.
2212 2730 2256 2803 3
2288 2755 2485 2801 num.
2531 2731 2693 2828 139.

451 2872 456 2879 ·
518 2825 851 2901 Sana-hez
880 2828 1059 2901 Dec.
1100 2828 1218 2900 lib.
1255 2831 1302 2924 4
1333 2852 1494 2925 cap.
1539 2857 1563 2903 1
1611 2855 1799 2901 num.
1843 2829 1960 2925 59.
2001 2827 2222 2900 Crot‘x
2254 2828 2302 2899 l.
2340 2827 2384 2899 3
2409 2844 2604 2925 part.
2647 2853 2690 2900 2

497 2950 717 2998 num.
765 2925 970 2998 1313.
999 2927 1333 3013 ,Ταηιῦιιιι
1368 2928 1547 3000 Dec.
1586 2926 1701 2998 lib.
1740 2930 1787 3021 4
1824 2953 1982 3022 cop.
2017 2926 2061 2999 5
2119 2925 2186 3022 §.
2233 2951 2259 2996 1
2302 2950 2499 2996 num.
2535 2927 2588 2997 8
2622 2939 2694 2996 et

520 3024 745 3096 Salm.
799 3040 881 3096 tr.
928 3024 1020 3098 23
1058 3024 1147 3093 de
1203 3025 1247 3096 3
1301 3024 1636 3120 Proecept.
1695 3052 1756 3097 c.
1815 3050 1859 3098 2
1898 3051 2089 3097 num.
2130 3049 2213 3095 21
2254 3044 2411 3093 cum
2449 3025 2523 3095 V
2515 3022 2687 3094 illul.

522 3122 596 3196 T
583 3123 734 3195 rull.
769 3122 1013 3193 Diana
1034 3181 1051 3206 ‚
1087 3138 1215 3196 etc.
1248 3123 1776 3196 Verumtamen
1809 3123 1906 3194 P.
1946 3121 2257 3193 Concina
2283 3135 2336 3194 t.
2368 3120 2412 3193 5
2430 3149 2514 3216 p.
2550 3121 2688 3219 273

521 3245 717 3293 num.
748 3221 798 3293 6
827 3219 1132 3292 adducit
1169 3221 1541 3320 quoddam
1580 3219 1933 3295 Edictum
1964 3220 2371 3294 Clementis
2397 3220 2525 3291 XI.
2555 3220 2691 3290 Ro·

518 3342 667 3392 mae
720 3318 1177 3417 publicatum
1232 3319 1350 3391 die
1410 3323 1501 3413 24
1548 3318 1767 3394 Febr.
1802 3346 1921 3393 an.
1976 3318 2154 3412 ⁸703
2207 3333 2279 3389 et
2305 3319 2688 3389 confirma·

432 3449 441 3456 ·
513 3432 683 3487 tum
739 3443 855 3488 an.
909 3421 1084 3515 1704
1148 3416 1273 3487 ubi
1315 3417 1767 3516 dispensatis
1803 3419 1882 3489 in
1920 3416 2497 3514 Quadragesima
2582 3442 2695 3488 cr-

523 3514 926 3586 :mittuntur
968 3514 1252 3587 tantum
1290 3538 1543 3590 carnes
1594 3515 1953 3588 salubres.
1992 3515 2136 3586 Sed
2162 3517 2507 3586 adver-ten
2571 3541 2696 3586 um

530 3634 698 3683 cum
741 3613 834 3685 P.
875 3614 949 3684 V
939 3613 1052 3683 iva
1082 3613 1171 3682 de
1199 3613 1442 3711 Jejzm.
1479 3629 1717 3715 qua-st.
1764 3629 2011 3707 mart.
2056 3640 2083 3685 ε
2115 3638 2307 3684 num.
2340 3616 2381 3705 4
2422 3629 2495 3683 et
2519 3617 2701 3707 Cap.-

515 3710 782 3809 pelloto
806 3766 823 3791 ‚
859 3737 947 3781 ac
996 3710 1158 3782 aliis·
1206 3723 1323 3804 (τῇ.
1376 3714 1696 3785 eumdem
1733 3711 2075 3797 Conct'na,
2111 3710 2464 3784 Edictum
2498 3711 2700 3784 illud

532 3832 682 3880 non
710 3806 929 3880 fuisse
962 3808 1294 3906 generale
1319 3838 1458 3912 pro
1487 3825 1632 3882 tota
1658 3811 1986 3883 Ecclesia
2020 3864 2038 3889 .
2072 3811 2197 3881 sed
2242 3809 2524 3907 tantil'm
2559 3836 2695 3908 pro

535 3919 724 3976 statu
767 3904 1155 3994 RomanO,
1212 3909 1440 4006 idque
1498 3909 1951 3981 declaratum
2004 3908 2141 3979 fuit
2184 3912 2222 3979 a
2277 3907 2372 3980 N.
2440 3909 2558 3982 SS.
2614 3911 2695 3980 P.

527 3999 932 4078 Benedicto
969 4002 1170 4082 XIV.
1201 4007 1414 4109 prius
1466 4009 1544 4082 iu
1592 4009 1784 4082 libro
1829 4008 2429 4083 Notificationum
2475 4010 2698 4105 (lom.
