2950 4709
646 291 808 386 Cap.
837 292 893 361 1.
928 293 1105 362 Dub.
1135 295 1220 362 11.
1256 295 1355 363 De
1385 242 1721 386 Praecepto*
1740 286 2019 362 Octavo.
2156 270 2195 340 ‘.
2283 291 2411 387 265,

253 433 292 474 »
347 400 488 479 hoc
515 418 664 490 est,
695 403 883 478 nihil
922 400 1348 478 affirmando
1379 404 1470 477 de
1507 408 1609 478 rei
1648 408 1944 480 veritate
1971 461 1992 489 ‚
2028 403 2159 478 sed
2184 396 2412 477 dubi-

253 531 291 569 »
349 504 696 576 tationem
752 503 997 604 potius
1046 530 1252 578 suam
1292 504 1384 577 de
1437 531 1520 577 ea
1574 503 2109 600 significando;
2170 505 2268 576 ita
2331 516 2414 577 ut

252 628 287 666 ι·
346 601 550 675 nulla
588 599 761 675 inde
796 617 1132 676 secutura
1165 615 1469 703 putetur
1500 603 1800 674 infamia
1824 661 1840 688 ,
1870 608 2007 676 nec
2041 601 2409 676 auditores
2446 664 2449 667 .

247 720 281 765 ι»
343 699 874 773 rationabiliter
910 704 1058 773 sint
1106 700 1484 775 credituri.
1538 702 1645 774 Ita
1686 707 1937 774 contra
1979 702 2202 773 Azor.
2249 725 2322 772 n.
2363 699 2407 772 3

247 825 281 861 a
341 799 387 869 l.
436 797 542 871 13.
571 820 634 871 c.
674 799 745 873 6.
783 799 1000 873 docet
1038 796 1271 873 Tarm.
1302 826 1368 871 2.
1404 824 1471 872 2.
1499 792 1649 893 (1.4
1678 812 1744 898 ᾲ.
1779 801 1825 871 8
1854 799 2012 872 dub.
2053 825 2095 899 7
2127 822 2199 869 η.
2245 814 2406 872 12¹2

245 923 282 959 a
338 897 513 969 Est).
558 897 652 970 E.
704 922 798 970 10·
816 923 881 971 c.
913 901 958 990 4
990 923 1061 969 n.
1104 900 1196 989 4ο
1228 926 1246 968 :
1284 895 1371 969 eo
1404 894 1604 995 quod
1636 897 2039 970 diffamatio
2068 954 2086 986 ,
2128 899 2189 969 si
2224 893 2411 970 forie

241 1021 280 1057 »ι
338 1009 726 1093 sequatur,
767 996 1177 1094 imputetur
1214 993 1585 1079 audienti,
1617 996 1679 1068 si
1719 995 1995 1069 credat.
2021 995 2226 1069 Idem
2266 994 2412 1066 do&

245 1120 280 1155 ι·
341 1107 462 1164 cet
488 1094 567 1166 C.
599 1092 689 1165 de
717 1092 821 1167 Lu
870 1118 911 1166 o
939 1095 985 1165 Ι.
1010 1094 1126 1167 cit.
1161 1092 1356 1167 recte
1384 1093 1707 1167 limitans
1730 1152 1748 1184 ‚
1774 1095 1919 1167 nisi
1953 1119 2162 1192 grave
2191 1094 2413 1165 dam-

244 1217 286 1257 »
338 1204 525 1263 nu'm
557 1216 643 1264 ex
675 1215 795 1264 mo
853 1218 897 1264 ο
926 1192 1321 1281 narrandi,
1353 1190 1470 1266 vel
1501 1216 1586 1264 ex
1619 1191 1909 1265 levitate
1940 1191 2412 1289 audientium

245 1318 286 1356 »
338 1293 367 1382 (
399 1290 531 1388 qui
554 1289 828 1363 temere
862 1290 1214 1364 credituri
1246 1292 1415 1375 sint,
1444 1304 1518 1363 et
1549 1288 1952 1389 vulgaturi)
1980 1305 2415 1365 secuturum
2536 1311 2541 1316 ·

243 1416 284 1454 »
341 1389 578 1489 possis
619 1387 1037 1487 praevidere.
1080 1389 1276 1462 Hinc
1319 1412 1577 1488 peccas
1613 1391 1924 1485 graviter
1956 1393 2210 1463 contra
2247 1391 2413 1488 jus-

246 1513 285 1554 »
345 1486 629 1572 titiam,
686 1487 745 1559 si
800 1487 1121 1560 referens
1186 1513 1399 1585 grave
1466 1488 1749 1560 crimen
1808 1485 2033 1560 addas
2075 1542 2093 1572 ,
2154 1486 2239 1560 id
2279 1485 2414 1558 tibi

246 1612 285 1651 υ
341 1584 628 1657 dictum
681 1609 836 1658 esse
876 1590 912 1657 ὲ
952 1590 1102 1659 viro
1159 1584 1302 1659 fide
1358 1585 1582 1682 digno
1612 1640 1631 1669 .
1670 1584 1842 1686 quia
1878 1585 2167 1686 praebes
2201 1583 2416 1658 suffi-

243 1710 283 1750 »
340 1684 544 1756 ciens
569 1682 1133 1775 fundamentum
1159 1683 1863 1759 credendi.V.Dian.
1884 1701 1933 1757 t.
1951 1686 1996 1757 5
2016 1685 2204 1756 m.R.
2235 1686 2342 1757 18.
2368 1696 2407 1750 ὕ

337 1782 718 1873 Quaeritur
742 1837 758 1865 ‚
799 1809 892 1854 an
935 1783 1202 1855 referre
1227 1782 1519 1856 tantum
1613 1797 1859 1855 eccata
1898 1783 2188 1855 occulta
2223 1780 2405 1853 alte-
2428 1794 2535 1864 9³7⁸

241 1879 390 1952 rius
425 1879 510 1952 ht
544 1879 637 1952 ab
675 1879 831 1952 aliis
866 1880 1112 1953 audita
1145 1935 1161 1963 ‚
1195 1881 1290 1955 sit
1323 1894 1553 1954 morta
1591 1907 1631 1953 e
1655 1881 1685 1953 i'
1712 1879 2113 1953 dicendum
2154 1882 2208 1953 Ι.
2247 1880 2416 1953 Νοῐι

244 2002 506 2076 peccas
534 1981 942 2053 mortaliter
967 2035 983 2062 ‚
1019 1982 1079 2051 si
1107 1980 1213 2050 ita·
1235 1981 1503 2052 referas
1525 2036 1541 2062 ‚
1579 1995 1656 2050 ut
1689 1981 1822 2051 tibi
1850 1977 2229 2078 probabile
2262 2004 2414 2050 non

243 2078 334 2147 sit
372 2075 607 2149 ullam
651 2076 826 2151 inde
859 2077 1236 2149 infamiam
1286 2082 1633 2150 orituram
1670 2132 1687 2161 ,
1730 2076 1816 2150 eb
1855 2073 2061 2176 quod
2101 2076 2222 2148 alii
2260 2092 2415 2149 nort

246 2173 390 2247 sint-
432 2173 812 2248 credituri.
851 2174 1271 2250 Dicendum
1310 2178 1401 2250 ΙΙ.
1449 2177 1524 2247 Si
1569 2175 1814 2247 audita
1864 2173 2130 2246 referas
2165 2186 2417 2248 corani

248 2273 329 2345 iis
361 2328 378 2357 ‚
420 2275 557 2374 qui
606 2273 1087 2373 probabiliter
1130 2274 1276 2347 sint
1320 2273 1669 2347 credituri
1713 2299 1799 2346 ex
1847 2273 2002 2346 s‘ola
2048 2299 2177 2344 sua
2227 2271 2417 2344 levi-
2529 2281 2533 2284 ’

246 2385 426 2462 tate,
482 2371 600 2444 vel
650 2373 927 2444 malitia
961 2427 977 2457 ,
1019 2397 1171 2443 non
1203 2397 1463 2471 peccas
1505 2376 1758 2444 contra
1802 2371 2148 2469 justitiam
2183 2426 2199 2454 ‚
2241 2373 2413 2469 quia

244 2495 389 2542 non
425 2496 505 2543 es
546 2467 1047 2544 causa‘essicax
1086 2471 1340 2543 damni
1372 2470 1563 2555 ,sed
1601 2469 1798 2543 mere
1832 2497 1965 2569 per
2001 2469 2343 2543 accidens
2380 2496 2410 2560 ·,

250 2583 317 2641 at
359 2594 622 2667 peccas
683 2574 938 2642 contra
992 2569 1465 2657 charitatem,
1526 2570 1696 2666 quia
1752 2572 2067 2668 quisque
2123 2582 2416 2640 tenetur
2546 2600 2551 2607 ‘

247 2665 604 2767 impedire
631 2693 840 2764 grave
867 2667 1224 2740 damnum
1261 2668 1566 2766 proximi
1593 2724 1611 2756 ‚
1636 2667 2000 2765 quantum
2018 2665 2415 2755 ‘commode

248 2781 506 2861 potest.
549 2765 968 2839 Dicendum
1011 2767 1134 2839 III.
1183 2766 1253 2838 Si
1294 2766 1598 2839 tandem
1647 2767 1742 2838 ita
1800 2766 2062 2838 referas
2095 2821 2110 2851 ,
2153 2780 2235 2837 ut
2272 2773 2415 2839 aix-2

248 2862 526 2939 dientes
565 2862 1044 2963 probabiliter
1072 2923 1090 2955 ‚
1118 2879 1189 2937 et
1215 2863 1473 2938 merito
1501 2866 1653 2937 sint
1689 2866 2068 2954 credituri,
2100 2879 2313 2963 puta‚·
2350 2864 2415 2937 si

252 2987 520 3037 asseras
549 3016 567 3049 ‚
605 2977 677 3035 te
702 2963 1059 3036 audivisse
1083 2968 1119 3035 a
1149 2990 1450 3061 persona
1475 2962 1616 3035 fide
1650 2962 1868 3057 digna
1890 3019 1908 3048 ‚
1939 2978 2014 3034 tu
2027 2989 2117 3034 nc
2149 2988 2410 3058 peccas

254 3063 460 3136 etiam
492 3065 749 3135 contra
791 3064 1139 3158 justitiam
1168 3110 1187 3146 ‚
1225 3061 1394 3161 quia
1431 3062 1560 3133 das
1601 3061 2081 3134 sufficientem
2116 3082 2413 3133 causam

257 3160 602 3233 credendi
634 3160 938 3232 malum.
971 3161 1077 3234 Ita
1114 3161 1316 3232 Less.
1348 3162 1395 3231 l.
1432 3187 1474 3232 2
1504 3188 1567 3233 c.
1613 3186 1682 3232 ιι
1728 3159 1800 3232 d.
1835 3159 1909 3232 5.
1947 3160 2053 3230 Lu
2100 3184 2141 3229 o
2181 3158 2274 3230 Β.
2328 3158 2414 3250 ιιί

254 3278 320 3330 n.
353 3260 450 3334 56
476 3273 550 3330 et
576 3258 699 3356 57.
732 3258 929 3352 Spar.
965 3259 1055 3331 de
1080 3259 1149 3331 8.
1180 3259 1402 3330 Proec.
1435 3282 1502 3331 c.
1538 3261 1583 3352 4
1614 3284 1686 3330 n.
1721 3258 1815 3330 62
1845 3283 2000 3328 cum
2086 3311 2102 3329 .
2137 3257 2412 3329 Anton.

256 3355 725 3456 Cas'2Sylvest.
758 3357 1011 3456 Laym.
1050 3357 1289 3430 Tomb.
1323 3369 1394 3427 et
1420 3353 1813 3445 communi,
1846 3354 2069 3427 Croix
2099 3353 2147 3427 l.
2183 3356 2226 3428 3
2248 3382 2327 3450 p.
2367 3378 2408 3426 2

249 3475 323 3525 nv
369 3479 573 3553 ¹2⁰7·
620 3453 844 3527 Salm.
896 3454 984 3524 de
1034 3455 1229 3529 Rest.
1273 3481 1332 3526 c.
1386 3458 1434 3547 4
1477 3480 1549 3525 n.
1597 3451 1679 3527 51
1737 3479 1894 3526 cum
1934 3451 2145 3537 Solo,
2196 3450 2410 3523 Trull.

258 3551 329 3623 V
319 3551 415 3625 ill.
447 3551 685 3653 Sylvio
708 3606 730 3637 ,
770 3568 901 3626 etc.
937 3551 1163 3625 Addit
1192 3552 1397 3624 Less.
1440 3551 1489 3625 l,
1527 3574 1596 3622 e.
1632 3577 1707 3624 n.
1746 3554 1837 3642 24
1870 3552 1971 3647 (et
2004 3551 2146 3623 hoc
2184 3549 2408 3621 Salm.

253 3672 330 3722 n.
378 3654 477 3750 49
524 3650 803 3724 babent
838 3664 1235 3724 utcertum
1275 3675 1446 3724 cum
1492 3650 1733 3723 Bana.
1784 3649 1980 3746 Lago
2009 3707 2028 3739 ,
2075 3665 2146 3720 et
2191 3647 2415 3739 Bon.)

255 3750 489 3845 quod,
519 3751 582 3822 si
629 3749 893 3823 referas
937 3751 1218 3822 crimen
1250 3748 1565 3847 alicujus
1598 3745 1807 3820 vaide
1841 3773 2140 3819 enorme
2170 3801 2187 3828 ‚
2231 3760 2413 3843 puta

212 3884 217 3891 ·
260 3841 543 3929 haeresis
576 3904 594 3936 ‚
630 3846 1093 3936 rebellionis,
1133 3862 1261 3921 aut
1291 3845 1644 3919 sodomiae
1678 3901 1697 3930 ,
1732 3859 1910 3919 tunc
1950 3871 2209 3947 pecces
2240 3868 2416 3941 gra-

259 3943 427 4017 viter
460 4000 480 4030 ‚
509 3947 792 4019 etiamsi
827 3944 1249 4018 dubitanter
1280 3945 1483 4019 dicas
1511 4000 1530 4030 ‚
1623 3947 1737 4029 uia
1780 3944 1939 4017 haec
1979 3942 2132 4018 sola
2167 3943 2416 4041 suspi-

268 4042 367 4113 cio
397 4043 665 4118 horum
704 4042 918 4118 valde
955 4043 1264 4118 infamat
1287 4101 1307 4133 ,
1343 4048 1541 4141 juxta
1632 4044 1770 4114 icta
1804 4066 1878 4116 n.
1924 4041 2094 4142 964.
2128 4044 2192 4116 Ε
2227 4052 2417 4113 con-

269 4140 451 4215 verso
476 4197 497 4230 ,
534 4145 597 4216 si
635 4142 901 4218 referas
930 4144 1214 4217 crimen
1242 4145 1618 4243 tamquam
1644 4139 1981 4217 auditum
2012 4145 2053 4215 a
2085 4138 2423 4244 personis
